3222 4936
694 406 909 497 .“8“

278 583 458 655 viderimus,
492 602 615 662 quornm
653 583 728 642 alter
756 582 878 642 notione
909 601 961 641 sua
983 580 1146 654 obieotiva,
1180 600 1255 659 quae
1278 581 1342 640 eius

278 685 398 763 propria
421 691 496 757 erat,
527 686 700 762 privabatur
723 692 753 745 et
775 688 811 744 ad
831 685 928 761 ipsum
952 684 1115 761 passivum,
1139 684 1187 743 eui
1208 683 1348 743 intransi-

279 789 343 848 tiva
364 788 449 847 verbi
472 789 518 847 vis
540 788 627 860 inest,
649 787 841 860 retinebatur,
865 807 925 846 non
947 792 1001 856 est,
1024 807 1076 846 cur
1096 788 1188 846 verbo
1210 785 1350 846 intransi-

280 891 345 953 tivo
367 891 551 951 aecusativus
582 891 658 949 adici
681 911 741 949 non
770 890 872 966 possit.
916 889 1025 964 Logica
1047 909 1116 948 sane
1146 889 1221 947 ratio
1243 891 1297 948 hac
1318 888 1350 969 in

279 1013 311 1052 re
334 993 457 1052 multum
473 993 582 1052 differt.
627 993 756 1051 Verbum
771 992 960 1051 transitivum
976 992 1124 1051 desiderat
1142 1011 1238 1051 casum
1257 1011 1351 1071 eoque

279 1116 340 1155 non
363 1095 464 1155 addito
485 1096 689 1172 imperfectum
713 1099 770 1165 est;
792 1093 1015 1154 intransitivum
1038 1114 1091 1170 per
1112 1113 1143 1152 se
1166 1113 1284 1173 quoque
1305 1094 1351 1152 in-

278 1197 423 1272 telligitur
445 1218 573 1278 casuque
595 1199 655 1271 illo,
679 1218 737 1276 quo
760 1217 859 1284 carere
881 1203 987 1274 potest,
1012 1196 1089 1255 nihil
1112 1196 1170 1254 nisi
1191 1197 1351 1273 amplifica·

278 1301 390 1359 tionem
420 1301 549 1360 notionis
580 1321 649 1360 suae
679 1299 869 1360 nanciscitur.
920 1299 1116 1359 Grammatico
1147 1303 1244 1364 autem
1275 1299 1351 1359 ratio

279 1405 381 1462 eadem
403 1409 464 1476 est;
488 1424 554 1462 nam
574 1404 623 1462 hic
647 1423 764 1481 qnoque
780 1403 998 1463 substantivum
1021 1401 1102 1460 nullo
1118 1401 1237 1460 vinculo
1259 1401 1351 1461 inter-

278 1506 355 1564 iecto
377 1507 468 1565 verbo
491 1506 678 1582 adiungitur,
713 1512 743 1565 et
773 1507 917 1584 quomodo
946 1505 1025 1563 inter
1055 1524 1086 1564 se
1108 1505 1261 1563 referenda
1284 1503 1354 1576 sint,

279 1627 339 1666 non
372 1608 431 1667 nisi
461 1629 477 1667 e
508 1610 662 1667 verborum
692 1628 806 1667 conexu
835 1612 965 1685 apparet.
1010 1608 1117 1666 causas
1147 1611 1178 1666 et
1207 1607 1352 1668 rationem

278 1710 367 1769 huius
388 1711 551 1780 libertatis,
584 1731 642 1790 qua
664 1711 710 1770 uei
733 1711 838 1770 Graeci
861 1711 947 1786 plane
970 1710 1056 1769 aliter
1077 1731 1111 1769 ac
1133 1729 1186 1768 nos
1206 1728 1253 1768 res
1275 1709 1352 1784 cogi·

279 1813 391 1873 tatione
414 1814 672 1889 comprehendisse
695 1819 726 1872 et
747 1813 896 1889 cogitandi
918 1817 1091 1888 praecepta,
1123 1812 1230 1890 quibus
1252 1818 1353 1872 nostra

281 1916 400 1995 quidem
422 1916 524 1990 lingua
547 1916 728 1988 continetur,
761 1915 928 1990 neglexisse
950 1914 1100 1986 videntur,
1123 1914 1301 1989 perscrutari
1323 1921 1354 1974 et

227 2096 231 2104 Ι
280 2019 405 2077 definire
427 2037 546 2090 vereor,
570 2039 607 2077 ne
630 2019 712 2077 labor
734 2018 831 2076 inanis
853 2022 884 2076 et
904 2017 1021 2077 inutilis
1043 2017 1090 2075 sit.
1137 2015 1224 2079 Quod
1245 2017 1289 2077 ita
1308 2019 1353 2077 lo-

281 2121 341 2181 cuti
357 2126 434 2194 suut,
457 2121 490 2179 in
513 2141 546 2178 eo
562 2121 806 2199 acquiescendum
829 2126 874 2179 est
893 2121 987 2192 nobis,
1010 2119 1186 2179 mirantibus
1203 2119 1353 2179 licentiam

279 2224 370 2297 illam,
394 2244 480 2302 quam
496 2224 613 2302 assequi
636 2243 695 2281 non
718 2243 880 2299 possumus.
915 2223 1036 2282 Talibus
1056 2223 1231 2283 accusativis
1253 2243 1353 2301 quam·

282 2346 369 2405 quam
392 2325 552 2385 dissolutus
575 2332 606 2384 et
619 2326 833 2402 incompositus
856 2346 950 2385 sermo
972 2327 1038 2386 fieri
1057 2326 1183 2398 videtur,
1205 2344 1265 2384 non
1287 2344 1354 2401 pos-

281 2449 382 2487 sumus
403 2448 463 2488 nou
479 2430 648 2499 concedere,
670 2429 848 2488 brevitatem
865 2431 1009 2506 quandam
1029 2449 1078 2487 eos
1095 2428 1254 2500 continere,
1278 2447 1352 2506 quae

281 2552 416 2607 magnam
438 2537 622 2591 venustatem
646 2537 676 2591 et
699 2531 875 2606 elegantiam
898 2529 1022 2590 dictioni
1043 2531 1203 2607 impertiat.

367 2633 541 2706 Nominum,
575 2653 650 2712 quae
673 2633 742 2691 huic
765 2631 931 2692 accusativo
954 2633 1094 2708 imposita
1115 2639 1198 2706 sunt,
1220 2652 1279 2695 aco.
1301 2633 1352 2690 ob·

281 2737 353 2796 ieoti
381 2736 550 2809 interioris,
579 2735 716 2808 liberior,
747 2735 926 2807 immanens,
959 2735 1154 2811 paratacticus
1176 2755 1220 2814 sq,
1250 2736 1307 2794 hoc
1337 2753 1354 2792 a

280 2838 439 2915 Rumpelio
461 2838 644 2924 propositum
667 2837 795 2896 maxime
826 2838 899 2895 mihi
921 2837 1046 2910 arridet,
1078 2838 1163 2916 quia,
1197 2837 1292 2915 qualis
1314 2835 1354 2894 sit

282 2942 371 3002 huius
393 2941 553 3002 aceusativi
583 2947 702 3013 natura,
736 2940 846 3017 optime
868 2941 1013 3013 illustrat,
1046 2941 1110 3000 dieo
1140 2939 1263 2999 liberam
1289 2939 1352 2997 eius

283 3066 348 3104 cum
386 3047 476 3104 verbo
513 3044 750 3103 coniunctionem
784 3049 885 3102 contra
917 3045 1116 3104 accusativum
1150 3045 1228 3119 apud
1263 3043 1354 3102 verba

282 3149 407 3219 transit,
439 3147 491 3225 qui
522 3149 649 3206 everbo
673 3152 759 3222 aptus
788 3146 875 3224 eique
906 3147 1055 3206 subiectus
1076 3135 1281 3223 hypotaeticus
1302 3164 1353 3220 ap-

281 3251 387 3327 pellari
410 3255 516 3326 potest.
561 3251 674 3308 Nomen
706 3253 803 3307 autem
825 3249 901 3308 illud
934 3241 997 3308 κατ’
1027 3242 1129 3324 ἐξοχήν
1150 3248 1353 3325 accipiendum

282 3372 345 3412 esse
367 3353 556 3412 manifestum
579 3358 640 3424 est,
664 3352 748 3430 quia,
771 3351 796 3410 si
818 3352 1007 3412 definitiones
1029 3372 1118 3428 supra
1140 3350 1287 3410 exhibitas
1309 3370 1354 3410 se·

284 3455 410 3534 quimur,
432 3455 526 3514 omnis
549 3454 734 3513 aecusativus
749 3455 945 3531 paratacticus
963 3456 1115 3516 habendus
1138 3461 1192 3514 est.
1213 3487 1255 3498 -
1278 3454 1353 3513 Fue-

282 3563 354 3618 runt
381 3559 466 3618 multi
490 3558 690 3634 grammatici,
727 3559 777 3636 qui
808 3559 926 3618 diversa
953 3557 1042 3616 huius
1064 3557 1224 3618 accusativi
1246 3577 1355 3633 genera

282 3663 437 3721 statuenda
469 3681 532 3720 esse
564 3667 720 3721 censerent
751 3681 843 3740 eaque
866 3681 882 3720 e
904 3661 1042 3732 notione,
1075 3680 1150 3740 quae
1179 3661 1355 3720 vernaculae

283 3769 400 3824 nostrae
423 3765 561 3827 versione
584 3763 720 3837 efficitur,
743 3771 876 3840 repetere
898 3765 1026 3835 vellent,
1048 3771 1082 3822 ut
1103 3765 1207 3836 locum,
1229 3772 1353 3840 tempus,

284 3886 418 3940 causam,
456 3867 608 3939 effectum,
642 3867 830 3945 qualitatem,
864 3867 1075 3945 quantitatem,
1108 3866 1180 3925 alias
1202 3886 1249 3926 res
1271 3886 1354 3926 casus

282 3969 471 4045 significaret.
517 3968 600 4031 Quae
623 3969 723 4046 opinio
747 3975 856 4048 quanto
879 3988 977 4028 errore
1000 3969 1163 4046 captarit,
1187 3988 1272 4027 nemo
1295 3989 1354 4028 non

282 4073 373 4132 videt.
418 4072 483 4130 Etsi
506 4073 594 4143 enim,
617 4080 651 4130 ut
672 4075 762 4131 verba
785 4091 889 4147 graeca
911 4077 1012 4132 nostro
1035 4091 1169 4131 sermone
1190 4073 1266 4131 bene
1289 4092 1355 4132 ver·

285 4181 403 4248 tantur,
435 4195 489 4252 pro
521 4175 687 4236 accusativo
710 4175 944 4253 praepositiones
973 4176 1021 4237 vel
1043 4177 1200 4247 formulae,
1232 4195 1355 4254 quarum
