3222 4936
657 413 868 478 ...51-

228 575 273 644 oisl
304 583 373 661 βίον
403 584 620 663 σννευτυχοίην.
673 587 772 646 Verba
800 587 833 646 in
872 587 1070 665 suspicionem
1099 592 1206 649 vocata
1234 605 1300 648 mea

229 689 380 748 sententia
402 689 531 763 intelligi
549 693 689 766 possunt:
711 710 808 749 mores
824 710 941 767 semper
956 690 1086 750 crastino
1109 690 1157 749 die
1172 696 1298 764 mutans,

227 793 248 850 i.
273 813 298 852 e.
324 812 398 868 cras,
421 811 484 852 oum
501 813 549 851 res
565 792 726 870 postulant,
748 792 823 851 alios
839 813 927 872 quam
943 794 1032 852 hodie
1046 813 1143 853 mores
1159 795 1299 868 gestab03

229 893 298 970 βίον
320 894 339 954 i.
364 915 388 954 e.
411 914 466 973 per
487 900 580 953 totam
603 896 696 955 vitam
719 899 817 954 exstat
838 915 956 975 qnoque
978 896 1048 973 Sap.
1072 900 1132 954 536
1156 887 1222 953 οὔτι
1244 889 1299 974 γαρ

228 990 398 1072 κεκτήμεθα
427 997 491 1073 (sol.
523 989 556 1055 τδ
587 997 683 1076 σῶμα)
713 991 789 1073 πλὴν
820 994 970 1074 ἐνοικῆσαι
997 996 1074 1074 βίον.
1096 1030 1139 1042 -
1160 999 1235 1058 Heo.
1259 1003 1298 1057 32

228 1103 360 1177 τριταῖον
390 1091 447 1173 ἤδη
471 1094 580 1177 φέγγος
602 1091 811 1176 αἰωρούμενος.
856 1100 926 1178 Hip.
952 1100 1012 1158 275
1044 1098 1176 1178 τριταίαν
1199 1093 1300 1168 δι’σιτός

228 1196 254 1284 γ’
287 1191 351 1263 crio'
380 1193 502 1280 ἡμέραν.
526 1235 568 1246 --
590 1201 659 1261 Hel.
683 1206 743 1261 480
788 1194 893 1279 καιρδν
921 1195 978 1281 yoip
1006 1194 1100 1260 οὐδέν’
1126 1189 1218 1279 ἦλθες
1240 1223 1300 1262 non

230 1311 397 1384 opportuno
436 1310 570 1381 tompore
601 1303 727 1374 venisti;
765 1305 882 1381 saepius
918 1304 997 1363 idem
1030 1305 1301 1382 praepositionibus

229 1410 348 1483 dicitur,
372 1409 409 1470 cl.
432 1407 524 1467 Phoe.
551 1411 620 1480 105,
644 1406 694 1465 Or.
719 1405 789 1480 376,
811 1406 878 1465 Tro.
902 1405 974 1465 746.

314 1513 406 1571 Plane
436 1511 495 1570 alia
525 1517 614 1591 atque
646 1511 755 1569 usitata
788 1509 965 1584 significatio
1002 1510 1168 1571 accusativo
1200 1512 1302 1570 subest

229 1617 304 1698 Hel..
332 1619 393 1674 402
433 1607 548 1689 ἀλῶμαι
582 1605 689 1691 χρόνον
723 1606 850 1690 ὅσονπερ
883 1606 975 1671 Ἰλίου
1012 1605 1145 1692 πύργους
1181 1609 1299 1691 ἔπερσα.

230 1720 288 1778 Hic
305 1738 366 1778 non
388 1720 425 1776 de
442 1719 542 1777 decem
564 1716 649 1775 annis
671 1715 859 1791 cogitandum
879 1733 957 1788 esse,
980 1735 1034 1791 per
1056 1735 1130 1796 quos
1149 1716 1301 1775 Menelaus

231 1823 463 1896 circumvagatus
486 1820 533 1892 sit,
555 1840 584 1880 v.
601 1817 661 1878 774
685 1820 778 1890 docet,
802 1818 853 1876 ubi
874 1817 938 1894 ipse
961 1836 1075 1876 errores
1098 1837 1166 1878 suos
1188 1825 1301 1895 septem

233 1945 373 1982 annorum
403 1922 494 1981 fuisse
517 1921 601 1993 dicit,
635 1921 714 2001 quod
736 1920 769 1977 in
792 1918 924 1998 Odyssea
946 1938 1065 1999 qnoque
1087 1941 1114 1997 y.
1138 1925 1198 1979 305
1222 1926 1253 1981 et
1274 1919 1301 1981 δ.

237 2031 275 2083 82
297 2031 438 2086 sanatur.
484 2025 633 2083 Vertenda
662 2023 754 2098 igitur
783 2028 853 2082 sunt
874 2024 966 2081 verba
986 2021 1055 2081 illa:
1084 2022 1136 2082 ich
1156 2022 1215 2082 irre
1237 2043 1301 2081 urn-

233 2130 302 2202 her,
336 2129 472 2198 scitdem;
510 2147 539 2187 v.
574 2130 629 2186 lll
669 2131 767 2185 autem
805 2116 901 2182 πόσον
927 2116 1035 2201 ’χρόνον
1063 2118 1303 2205 διαπεπόρθηται

232 2226 315 2300 πόλις
337 2232 393 2292 wie
416 2232 502 2306 lange
524 2229 589 2289 Zeit
610 2228 757 2288 hindurch
778 2227 852 2302 liegt
874 2227 920 2285 die
943 2227 1029 2286 Stadt
1050 2227 1195 2287 nerstdrt?

315 2336 340 2393 E
363 2333 464 2392 multis
485 2332 642 2405 adverbiis,
674 2348 750 2410 quae
771 2331 830 2389 huc
852 2318 995 2407 spectant,
1018 2328 1102 2389 velut
1124 2323 1156 2389 τδ
1181 2332 1301 2409 πρῶτον

232 2440 309 2498 And.
341 2443 389 2509 36,
421 2427 453 2495 τδ
483 2435 618 2494 λοίσθιον
648 2434 716 2492 Hel.
752 2437 830 2493 1146
861 2438 916 2493 cet.
945 2430 1090 2509 imprimis
1118 2435 1300 2510 respexerim

232 2543 310 2602 Med.
335 2545 395 2600 826
424 2531 607 2616 Ἐρεχθεῖδαι
635 2531 669 2597 τδ
700 2529 827 2595 παλαιὸν
849 2529 954 2612 ὄλβιοι.
999 2535 1044 2596 El.
1070 2536 1150 2595 1070
1173 2531 1242 2595 νέον
1271 2531 1298 2594 τ’

233 2637 284 2703 ἀπ’
306 2641 398 2702 οἴκων
420 2635 529 2720 ἆνδρδς
552 2637 841 2717 &susceptacula
865 2639 1009 2712 lriirzlioh,
1032 2640 1118 2698 eben.
1149 2639 1222 2699 Her.
1239 2644 1300 2697 096

233 2746 305 2829 ποία
319 2738 458 2825 προσδξει
480 2739 679 2822 στρατόπεδον
700 2736 736 2801 roi
758 2744 812 2800 νῦν
824 2736 925 2820 δορός.
958 2741 1087 2817 Vulgare
1108 2741 1182 2800 illud
1198 2743 1302 2803 adver-

233 2851 313 2910 bium
336 2842 371 2907 roi
394 2849 449 2907 νῦν
477 2848 640 2907 insolenter
670 2867 735 2906 oum
758 2866 824 2922 gen.
855 2845 1045 2905 coniunctum
1067 2844 1234 2921 significare
1256 2845 1301 2904 vi·

233 2955 333 3013 detur:
354 2953 387 3011 iu
408 2950 558 3030 praesenti
581 2949 780 3026 expeditione.

320 3054 578 3116 Accusativns
608 3051 755 3111 obiecti
789 3049 1043 3128 explicativi.
1088 3047 1154 3113 Quo
1184 3049 1303 3109 nomine

234 3159 279 3220 uti
300 3160 402 3232 liceat,
433 3157 518 3237 quia,
532 3174 600 3235 Ι(μισ
623 3155 706 3215 verbi
729 3155 805 3215 actio
827 3155 983 3214 referenda
1004 3153 1057 3226 sit,
1079 3153 1130 3212 hic
1150 3170 1210 3212 acc.
1234 3171 1302 3212 con·

234 3265 312 3324 tinet
342 3281 465 3341 eamque
495 3259 660 3319 accuratius
690 3257 829 3333 explicat.
874 3257 963 3325 Hunc
985 3261 1084 3315 summ
1114 3288 1156 3298 —
1186 3272 1303 3314 accusa-

234 3368 329 3428 tivum
343 3364 553 3442 paratactioum
575 3355 634 3420 nos'
660 3354 763 3437 ἐξοχὴν
779 3395 819 3404 -
835 3361 867 3418 in
888 3359 1009 3418 latinam
1033 3377 1152 3439 quoque
1172 3353 1304 3433 linguam

235 3469 386 3532 transiisse
417 3474 448 3526 et
476 3468 576 3525 eadem
608 3465 703 3525 libera
724 3463 838 3523 ratione
861 3468 950 3541 atquc
973 3463 1050 3537 apud
1073 3459 1199 3520 Graecos
1221 3459 1304 3519 adhi-

234 3575 329 3634 bitum
367 3590 444 3646 „aco
474 3571 630 3646 graecum“
664 3567 847 3626 nominatum
880 3583 944 3624 esse
979 3569 1103 3626 constat.
1153 3562 1304 3639 Imprimis

234 3699 300 3738 oum
322 3677 405 3737 verb.
437 3670 602 3733 transitivis
629 3676 660 3730 et
679 3669 806 3747 passivis
836 3672 867 3728 et
886 3666 1040 3727 adiectivis
1063 3665 1252 3740 coniungitur
1274 3669 1305 3725 et

233 3782 312 3858 apud
334 3797 435 3838 omnes
458 3776 615 3853 scriptores
637 3793 721 3834 usum
744 3771 918 3831 latissimum
941 3773 1115 3830 consecutus
1136 3773 1190 3827 est.
1234 3765 1304 3827 See-

234 3885 355 3962 pissime
382 3880 415 3938 in
444 3897 566 3956 corpore
597 3877 721 3956 eiusque
749 3875 882 3952 partibus
910 3871 1048 3932 notandis
1076 3873 1187 3942 exstat,
1220 3869 1303 3929 ouius

234 4007 305 4046 usus
327 3982 483 4060 Euripides
506 3980 599 4040 multa
620 3978 758 4056 exempla
778 3978 810 4035 in
832 3977 991 4037 dictionem
1012 3992 1093 4033 suam
1116 3971 1250 4032 contulit

320 4089 393 4148 Her.
417 4089 478 4144 914
501 4085 586 4159 σῶμα
608 4079 751 4150 δαισθείς.
794 4081 845 4139 Ba.
870 4085 931 4138 228
954 4070 1081 4153 εὔοσμος
1101 4065 1207 4151 κόμην.
1241 4075 1303 4134 734

237 4187 417 4269 ἐσφάλλοντο
440 4186 540 4266 δέμας.
587 4185 648 4245 Alc.
674 4189 734 4243 344
757 4173 836 4252 εἶδος
858 4172 1086 4261 εὐπρεπεστάτη.
1121 4183 1179 4238 861
1205 4178 1306 4256 poyeio

1059 4285 1101 4342 4*
