3222 4936
671 465 884 530 „11-

240 639 374 698 formulis
403 637 465 696 illis
493 637 711 697 substantivum
733 655 985 712 supervacaneum
1008 641 1100 708 esset,
1133 635 1312 696 adiectivum

240 747 336 801 autem
352 740 553 817 principatum
568 746 685 799 teneret
707 748 737 798 et
752 739 874 799 notione
896 759 949 798 sua
965 738 1140 797 seutentiam
1158 739 1313 808 imbueret,

240 845 315 903 benc
348 841 412 901 fieri
434 846 565 918 poterat,
599 847 633 901 ut
655 841 840 900 substantivo
873 841 979 900 omisso
1011 840 1105 899 solum
1134 839 1313 899 adiectivum

239 950 417 1005 servaretur.
461 942 526 1006 Qua
556 943 589 1002 in
620 963 651 1006 re
675 943 815 1002 adiectivi
846 945 941 1002 forma
963 943 1073 1018 duplex
1105 962 1167 1001 esse
1189 947 1314 1019 poteret.

241 1052 303 1107 Aut
332 1047 410 1105 enim
440 1065 534 1121 genus
563 1066 648 1106 suum
679 1045 866 1105 substantivo
898 1045 1030 1105 debitum
1061 1045 1232 1123 servavitl)
1263 1053 1315 1104 ant

241 1150 375 1210 neutrius
390 1148 507 1223 generis
529 1149 638 1208 factum
662 1155 715 1208 est.
758 1149 846 1207 Illius
861 1154 958 1207 autem
982 1168 1051 1206 usus
1071 1147 1215 1223 exempla,
1239 1166 1313 1225 quae

241 1260 310 1312 sunt
331 1251 515 1328 paucissima,
547 1272 645 1330 neque
667 1254 745 1328 apud
769 1251 941 1328 Euripidem
964 1251 1108 1310 eiusmodi
1130 1251 1225 1310 locum
1246 1270 1313 1328 rep·

239 1356 320 1435 peri,
353 1355 465 1432 optime
486 1357 662 1428 ostendunt,
694 1356 787 1414 multe
819 1355 871 1414 illa
901 1353 1050 1414 adiectiva
1078 1363 1108 1412 et
1138 1351 1314 1431 pronomina

239 1458 373 1517 neutrius
395 1456 526 1534 generis,
561 1478 635 1536 quae
657 1457 823 1519 adverbiali
845 1459 931 1516 modo
954 1455 1051 1533 posita
1073 1463 1159 1528 sunt,
1185 1458 1222 1514 ad
1244 1458 1313 1513 sub·

239 1561 399 1621 strativum
430 1559 569 1618 omissum
601 1562 767 1619 revocanda
797 1580 869 1618 esse.
912 1559 956 1619 cf.
979 1560 1222 1630 Schoemann,
1255 1557 1312 1615 Die

238 1663 415 1724 Radetheile
429 1683 457 1738 p.
478 1667 548 1722 148.
592 1663 647 1722 Wo
670 1664 722 1721 der
737 1665 900 1722 besondere
916 1661 1215 1738 Thdtigkeitsbegriff
1229 1660 1313 1719 nieht

239 1767 332 1825 durch
346 1765 394 1824 ein
409 1764 604 1841 beigesetates
614 1765 831 1824 Verbaluomen
847 1765 1057 1824 ausdrlicklich
1068 1765 1312 1841 ausgesproohen,

239 1870 366 1928 sondcrn
394 1888 451 1928 nur
482 1868 564 1927 aeine
586 1859 825 1928 Boschaffenheit
846 1872 1017 1945 angegeben
1049 1869 1137 1940 wird,
1171 1869 1208 1926 da
1230 1868 1310 1925 kann

239 1972 388 2031 uatiirlioh
410 1972 462 2029 das
484 1972 557 2029 daau
573 1971 752 2045 gebrauchte
766 1972 907 2046 Adjeetiv
930 1971 1014 2030 nicht
1035 1970 1068 2029 in
1089 1973 1141 2029 dcr
1161 1969 1311 2028 bestimm-

239 2080 290 2133 ten
313 2072 583 2149 geschleehtlicben
600 2073 688 2132 Form
711 2075 868 2146 auftreten,
891 2074 1003 2133 welche
1025 2076 1076 2132 das
1095 2071 1310 2131 Verbelnomen

237 2178 334 2236 haben
349 2177 459 2248 vaurde,
481 2177 609 2234 sondern
631 2195 687 2234 nur
709 2175 742 2234 iu
767 2177 818 2234 der
840 2175 1072 2250 gesehlechtlich
1089 2174 1310 2244 indifferenter,

238 2281 265 2338 d.
285 2279 313 2336 h.
336 2279 376 2336 im
396 2278 549 2350 Neutrum,
572 2297 604 2337 sc
627 2279 694 2338 dass
716 2278 777 2338 also
801 2271 872 2354 ιαχιί
896 2275 1006 2356 τρέχειν
1027 2281 1074 2337 fiir
1096 2270 1186 2352 ταχύν
1208 2269 1312 2354 πρόχου

238 2377 348 2460 τρέχειν
370 2382 457 2440 steht
502 2381 565 2439 Iam
582 2379 757 2440 attributum
780 2400 841 2442 non
858 2380 951 2439 solum
968 2380 1146 2439 adiectivum
1168 2381 1220 2437 sed
1243 2380 1311 2437 sub·

236 2466 360 2543 stantivi
392 2482 556 2559 genitivum
590 2502 653 2542 esse
685 2502 771 2558 posse
804 2465 1011 2559 reputantibus
1043 2482 1128 2542 nobis
1150 2482 1310 2558 explicatio

237 2586 451 2646 liberrimarum
483 2585 749 2658 constructionum,
782 2606 854 2664 quas
877 2586 981 2646 Graeci
1011 2585 1177 2644 accusativo
1207 2584 1310 2643 imma·

238 2689 320 2748 nenti
344 2689 473 2748 tribuere
496 2688 560 2747 ausi
583 2695 662 2760 sunt,
687 2707 718 2746 se
741 2689 835 2760 offert,
866 2687 1013 2766 siquidem
1035 2687 1213 2747 adiectivum
1235 2686 1309 2746 illud

238 2791 372 2851 neutrius
394 2790 512 2865 generis
534 2791 627 2850 secuti
648 2790 816 2871 genitivum
838 2803 969 2868 quoque,
996 2790 1102 2849 omisso
1124 2789 1309 2849 substantivo

238 2892 368 2952 eiusdem
390 2893 492 2970 stirpis
515 2899 603 2972 atque
626 2894 764 2964 verbum,
797 2891 830 2950 iu
850 2892 1049 2953 accusativum
1070 2899 1215 2951 mutatum
1246 2913 1309 2952 esse

236 2996 405 3070 statuimus,
428 3004 462 3056 ut
483 2995 614 3072 exempli
636 2995 731 3069 gratia
753 2987 898 3055 ἇιιαιδίαν
921 2998 1018 3053 νοσεῖν
1040 2995 1119 3073 (Jon.
1145 2997 1220 3070 632)
1242 3014 1309 3071 pro-

237 3101 345 3160 iectum
375 3098 415 3158 sit
444 3118 484 3157 ex
513 3090 654 3165 ἀπαιδίας
683 3091 772 3156 νόσον
789 3118 819 3156 ν.
864 3096 957 3160 Quam
990 3097 1219 3173 explicationem
1248 3117 1308 3157 non

236 3199 326 3259 nimis
349 3202 509 3276 urgendum
532 3220 596 3259 csse
618 3220 715 3278 neque
738 3200 770 3257 in
793 3199 1060 3259 constructionibus
1082 3209 1142 3259 tarn
1164 3198 1257 3258 variis
1279 3209 1310 3258 et

235 3302 416 3373 artificiosis,
439 3304 541 3382 quales
563 3304 641 3379 apud
664 3322 765 3362 omnes
786 3301 945 3378 scriptores
967 3301 1169 3378 reperiuntur,
1193 3322 1308 3361 accusa·

235 3405 331 3465 tivum
347 3407 435 3464 talem
454 3424 568 3482 semper
583 3405 793 3483 requirendum
810 3425 873 3463 esse
889 3412 1117 3463 consentaneum
1136 3411 1189 3465 est.
1232 3405 1307 3462 Nam

236 3507 352 3567 etiamsi
374 3508 426 3567 illa
449 3509 615 3585 proprietas
637 3508 680 3567 ita
702 3507 837 3584 expediri
854 3515 961 3586 potest,
983 3513 1087 3583 poetae
1110 3509 1145 3565 de
1168 3508 1223 3566 heo
1244 3507 1308 3564 eins

236 3610 351 3686 origine
373 3630 432 3670 non
454 3611 660 3686 cogitaverunt
681 3617 732 3669 aut
753 3630 816 3669 eam
839 3611 1038 3685 neglexerunt
1059 3629 1170 3689 suoque
1185 3609 1306 3685 ingenio

236 3712 317 3772 ducti
342 3721 404 3772 turn
427 3734 546 3793 quoquo
568 3713 734 3773 accusativo
757 3713 809 3772 illc
830 3713 976 3772 dictiones
996 3712 1158 3772 insolentes
1180 3713 1306 3773 formare

305 3988 332 4045 l)
356 3985 476 4034 Omnibus
502 3986 642 4035 huiusmodi
668 3987 730 4034 locis
756 4000 834 4046 genus
859 3987 1003 4035 femininum
1031 3992 1110 4034 exstat
1135 3989 1159 4033 et
1185 3985 1305 4046 imprimis

235 4071 301 4131 apud
319 4071 396 4119 verba
415 4073 520 4119 feriendi
544 4073 604 4119 haac
621 4072 768 4120 constructio
787 4074 899 4120 occurrit.
936 4073 964 4119 Il.
982 4074 1006 4130 5,
1025 4075 1076 4120 8³0
1093 4065 1172 4133 τύψον
1192 4067 1303 4136 σχεδίην.

236 4154 311 4216 Soph.
329 4157 449 4207 Ε1.1415
468 4161 557 4208 παῖσον
575 4156 673 4221 διπλῆν.
704 4157 792 4204 Aesch.
811 4158 877 4218 Sept.
897 4161 945 4208 89⁶
965 4155 1091 4209 διανταίαν
1108 4154 1306 4222 πεπλαγμένους.

235 4269 268 4278 -
287 4244 330 4290 Ar.
348 4242 423 4304 Vesp.
444 4245 494 4292 cet
513 4239 571 4307 μίαν
589 4238 746 4298 δικάσαντες.
783 4244 834 4290 Pax
852 4247 901 4293 897
921 4241 1026 4308 πλαγίαν
1044 4239 1217 4312 καταβάλλειν.
