3222 4936
724 461 938 529 „30-

284 633 424 695 universa
445 633 543 708 notio,
564 636 644 695 unde
666 655 725 696 acc.
748 637 871 696 denotat
891 637 924 696 id
947 639 1027 715 quod
1048 637 1090 718 τῷ
1112 627 1265 713 αἱμάσσειν
1286 635 1307 700 i.
1329 656 1354 696 e.

287 739 436 798 caedendo
459 737 589 797 efficitur

372 840 421 902 Or.
440 842 520 900 1472
544 837 643 929 ποιέειν
665 841 778 916 λαιμῶν
801 837 858 900 έσω
879 836 992 917 ἔμελλεν
1015 836 1104 917 μέλαν
1126 840 1221 917 ξίφος.
1264 842 1357 901 Dubi-

287 944 344 1004 tari
366 949 472 1022 potest,
495 964 566 1004 num
588 944 735 1004 obiectum
757 945 926 1004 habendum
953 945 993 1004 sit
1014 941 1073 1020 ξίφ.
1098 947 1231 1021 pendens
1253 944 1359 1004 transi·

285 1047 347 1109 tire
370 1066 386 1106 e
408 1045 515 1106 παίειν.
559 1048 677 1106 Revera
699 1051 796 1106 autern
818 1067 877 1107 non
908 1045 994 1122 ξίφος
1016 1045 1148 1120 παίεται,
1179 1049 1231 1106 sad
1258 1043 1357 1121 λοιμοὶ

285 1149 423 1209 παίονται
459 1156 490 1210 et
525 1149 719 1225 intelligenda
756 1154 826 1210 sunt
859 1151 966 1210 verba:
1003 1150 1091 1210 einen
1125 1149 1359 1225 Schwartsohlag

286 1253 434 1328 schlagan.

372 1356 431 1415 Hic
454 1375 572 1435 quoque
595 1354 695 1415 nescio
726 1375 764 1414 an
793 1355 893 1415 afferri
913 1355 1029 1433 possint
1052 1356 1100 1414 Or.
1125 1354 1185 1414 973
1211 1352 1359 1435 εἴργασται

290 1455 356 1535 ἐμοὶ
379 1461 519 1541 μητρῷον
542 1449 615 1536 αἷμα
644 1464 674 1518 et
698 1461 778 1518 1139
803 1449 863 1533 αἷμ’
886 1452 1061 1538 ἐπράξαμεν.
1103 1459 1180 1518 Nam
1202 1460 1357 1519 verborum

285 1561 420 1636 illorum,
453 1581 630 1643 quamquam
650 1560 700 1620 hic
722 1561 784 1621 vim
805 1560 993 1622 transitiram
1013 1563 1124 1621 habere
1146 1561 1303 1633 videntur,
1324 1564 1359 1618 ut

288 1655 361 1740 αἷμα
384 1685 437 1742 pro
460 1657 555 1738 φόνος
576 1664 689 1723 dictum
711 1664 764 1736 sit,
793 1663 944 1724 notionem
966 1664 1188 1726 intransitivum
1209 1663 1358 1742 propriam

194 1753 197 1759 ¹
232 1749 233 1752 ἐ
285 1787 349 1828 esse
370 1767 429 1826 iam
450 1767 633 1827 monuimus:
654 1767 740 1840 „eine
763 1767 899 1828 Blntthat
920 1767 1024 1826 thun.“

371 1871 415 1930 nl.
440 1875 501 1930 693
533 1856 566 1928 εὖ
596 1864 755 1948 πυρσεύετε
784 1862 918 1949 κραυγὴν
948 1864 1064 1950 άγοῖνος
1093 1868 1189 1929 τοῦδε.
1233 1869 1357 1929 Μενέλαε

286 1975 452 2034 Clamorem
474 1971 568 2046 edite,
600 1971 653 2053 qui
675 1971 844 2032 certaminis
866 1971 980 2032 exitum
1001 1972 1095 2032 instar
1125 1972 1199 2032 tacis
1221 1990 1358 2031 accensae

286 2077 443 2152 significet.
487 2075 644 2135 Reiskius:
668 2075 848 2148 Tumnstnm,
872 2075 924 2155 qui
945 2095 962 2134 a
983 2075 1165 2136 luctantibus
1187 2074 1304 2152 (Oreste
1328 2079 1359 2133 et

288 2179 443 2256 Aegistho)
467 2178 593 2251 orietur,
625 2177 700 2236 mihi
729 2177 868 2238 indicate.
912 2178 1016 2238 Altera
1044 2177 1137 2254 igitur
1165 2177 1198 2238 in
1221 2175 1358 2238 versione

285 2274 421 2360 κραυγήν
442 2281 646 2355 immanentcr,
669 2282 762 2341 altera
783 2280 930 2342 obicotive
953 2282 1101 2354 definitur,
1131 2300 1255 2361 quarum
1276 2280 1358 2339 illam

288 2387 432 2463 praefero.
476 2386 612 2444 Electrae
634 2385 711 2445 enim
735 2405 795 2445 non
813 2385 947 2458 interest,
970 2386 1126 2445 clamorem
1148 2389 1179 2444 et
1199 2383 1358 2443 tumultum

288 2508 413 2567 pugnae,
436 2487 525 2548 immo
548 2487 642 2565 ipsius
658 2507 774 2564 pugnae
797 2492 935 2548 eventum
953 2507 1084 2548 noscere.
1117 2477 1261 2565 Κρανγὴν
1282 2506 1356 2566 πυρ-

286 2585 383 2651 σεύειν
412 2596 458 2649 est
480 2591 607 2650 clamore
634 2591 751 2666 signum
782 2592 868 2662 dare;
898 2590 1064 2651 accusativo
1094 2589 1148 2650 illo
1176 2589 1262 2650 verbi
1289 2607 1356 2666 prc-

286 2693 352 2770 pria
374 2692 455 2752 notio
470 2692 608 2769 „ignibus
624 2693 754 2754 accensis
772 2694 889 2770 signum
904 2695 992 2753 dare“
1007 2698 1076 2771 apte
1089 2697 1220 2753 mutatur
1233 2694 1356 2771 locoque

287 2798 501 2857 accomodatur.
553 2797 602 2856 Ad
636 2788 751 2874 άγῶνος
782 2794 868 2856 τοῦδε
900 2817 965 2871 gen.
999 2797 1104 2858 obiect.
1137 2797 1175 2857 cf.
1207 2797 1271 2858 Alc.
1295 2799 1354 2853 380

286 2897 402 2969 πένθος
422 2898 510 2976 τῆσδε
532 2899 628 2959 luctus
650 2901 686 2960 da
709 2901 765 2960 hac
786 2899 919 2960 muliere.

373 3004 422 3062 Or.
446 3004 505 3062 374
540 3003 599 3060 τοῖν
628 3004 689 3062 σοῖν
719 2996 853 3083 γονάτων
889 2996 1053 3084 πρωτόλεια
1082 2995 1217 3084 θιγγάνω
1248 2996 1354 3076 ἱκέτης.

290 3099 389 3184 Πρωτ.
413 3105 532 3183 proprio
550 3106 723 3182 praedarum
746 3105 895 3182 primitiae
917 3111 995 3180 sunt,
1018 3126 1092 3186 quae
1115 3107 1172 3166 diis
1194 3107 1356 3166 offerebam.

286 3212 344 3269 tur.
388 3208 467 3268 Male
488 3209 596 3268 Matth.
617 3207 763 3269 construit
783 3209 843 3267 raia
871 3224 898 3270 σ.
922 3229 982 3290 γον.
1015 3213 1096 3289 θιγγ.
1127 3202 1147 3267 ά
1175 3205 1233 3269 ἐστι
1263 3229 1353 3288 πρωτ.

286 3311 345 3370 τῶν
367 3307 447 3386 ἐμεῖν
467 3304 571 3391 λόγων.

373 3414 442 3475 Hel.
465 3417 524 3475 947
549 3414 696 3495 δακρῦσαι
718 3411 852 3494 βλέφαρα
874 3416 1109 3492 Augenthraneu
1130 3414 1256 3476 weincn.

373 3518 424 3577 Ba.
450 3522 530 3577 1136
562 3511 681 3598 ὃάιιρνα
702 3521 876 3597 νιιιηφορεῖν
897 3518 918 3578 i.
942 3538 966 3578 ε.
990 3513 1193 3598 δακρυόεσσαν
1213 3517 1299 3595 νλιιην
1321 3537 1354 3592 φ.

373 3622 423 3684 Or.
447 3623 528 3680 1042
552 3616 662 3699 τέρπον
683 3613 773 3699 ιιενὴν
796 3613 899 3697 ὄνησιν
921 3617 948 3680 εἰ
967 3615 1092 3702 τερπνόν
1113 3614 1190 3682 τόδε.

371 3724 492 3784 Heracl.
515 3729 576 3782 990
595 3716 676 3802 Ἥρα
698 3742 734 3801 με
755 3715 878 3800 κάμνειν
899 3717 987 3801 τήνδε
1008 3717 1063 3801 τήν
1083 3717 1173 3784 νόσον
1195 3721 1313 3802 έθηκεν.

371 3827 429 3888 Jon
451 3832 512 3886 639
544 3819 685 3887 άπαιδίαν
715 3830 828 3900 νοσεῖν,
862 3847 948 3888 causa
977 3847 1037 3887 non
1066 3832 1123 3902 ast,
1156 3848 1207 3889 cur
1239 3813 1356 3888 dativus

286 3935 421 4008 ponatur.

371 4036 397 4093 Ι.
420 4037 455 4093 Δ.
479 4038 539 4093 210
563 4024 686 4109 άμιλλαν
709 4024 740 4093 δ’
763 4026 862 4093 ἐπόνει
884 4032 996 4094 notaio.

372 4137 445 4195 Hcc.
469 4138 528 4196 797
553 4130 642 4194 τάλλα
664 4132 717 4212 μὲν
739 4130 903 4214 μαθήματα
926 4138 1109 4215 μοχθοῦμεν.

371 4239 461 4302 Phoe.
488 4239 567 4298 1678
592 4231 667 4310 εἶδες
687 4233 720 4300 τό
744 4232 866 4318 τόλμημ’
889 4231 956 4301 οἷον
979 4238 1167 4313 ἐξωνείδισεν.
