3222 4936
724 397 965 474 '-34-

317 587 350 646 of
369 583 544 660 wandering
565 584 624 643 and
638 583 776 660 begging,
801 586 852 644 the
875 585 964 643 latter
986 582 1075 656 being
1096 582 1128 640 in
1150 579 1212 640 this
1233 581 1317 657 place
1339 580 1391 639 the

317 709 397 748 more
419 686 608 766 promiment.

402 791 630 868 Nonnumquam
653 791 760 862 verba,
793 809 868 869 quae
895 791 1007 848 motum
1028 787 1214 862 significant,
1246 807 1310 846 cum
1332 806 1391 847 aco.

316 897 530 953 construuntur
561 893 620 966 ita,
651 897 685 952 ut
713 894 750 951 ad
781 891 994 951 sollemnitates
1017 899 1047 950 et
1069 891 1190 948 choreas
1213 889 1390 968 pertineant,

319 997 426 1075 quibus
448 995 491 1054 dii
513 995 563 1053 vel
584 995 706 1070 nuptiae
730 996 962 1054 celebrabantur.
1007 994 1077 1069 Sup.
1104 996 1142 1052 74
1165 984 1221 1062 ἴτ’,
1245 978 1268 1049 oi
1291 990 1391 1062 ξυναλ-

315 1093 448 1177 γήδονες,
471 1090 561 1176 χορόν
583 1091 635 1155 τόν
657 1094 756 1165 Αἱδας
777 1093 863 1176 σέβει.
909 1095 1120 1170 coniungenda
1143 1101 1212 1153 sunt
1227 1091 1269 1152 ’ίνε
1291 1087 1390 1170 χορόν,

314 1203 355 1259 im
377 1199 601 1276 Reigeuschritt
630 1199 847 1273 eiuhergehen;
882 1219 949 1257 nam
980 1199 1222 1276 quemadmodum
1253 1217 1291 1254 ex
1313 1196 1390 1255 Her-

316 1305 418 1362 mauni
441 1303 588 1362 sententia
610 1296 699 1380 χορόν
722 1322 788 1361 cum
811 1299 968 1376 αἱματοῦτε
990 1301 1023 1359 in
1044 1321 1074 1358 v.
1099 1303 1138 1359 78
1162 1300 1389 1359 construendum

314 1408 370 1481 sit,
404 1427 464 1466 nou
486 1406 573 1465 video
604 1424 701 1484 neque
731 1423 849 1462 sensum
871 1405 1027 1463 verborum
1057 1404 1114 1461 hoc
1142 1405 1227 1462 modo
1250 1402 1391 1478 expedire

314 1529 361 1568 me
384 1529 471 1587 posse
494 1507 644 1568 confiteor.

400 1614 455 1670 Iou
480 1610 538 1670 507
563 1608 613 1668 ἱνα
635 1603 742 1687 χοροός
766 1606 914 1685 στείβουσι
935 1607 1052 1669 ποδοῖν.

397 1717 423 1774 Ι.
441 1713 475 1784 Τ,
501 1718 581 1772 1120
605 1709 810 1788 παρθένος-
826 1704 907 1788 παροδ
930 1703 1002 1769 πόδ’
1020 1709 1184 1770 εἱλίσσουσα
1201 1711 1289 1785 φίλας
1306 1707 1389 1786 ματί-

315 1839 368 1896 ρος
391 1808 501 1891 ἡλίκων
523 1813 660 1884 θιόσονς.
705 1815 823 1873 Summa
837 1815 942 1872 horum
960 1815 1116 1874 verborum
1131 1815 1290 1874 difficultas
1311 1815 1391 1873 inest

314 1919 345 1978 in
369 1912 450 1997 παροὶ
474 1913 563 1990 πόδα,
588 1937 663 1996 quae
678 1917 827 1975 Seidlerus
849 1922 984 1994 „coram“
1006 1917 1228 1995 interpretatur,
1250 1917 1388 1996 idemque

314 2021 473 2096 Pflugkius
505 2021 634 2080 voluisse
667 2021 786 2079 videtur
818 2022 977 2079 adnotans:
1015 2025 1102 2094 „unte
1138 2023 1243 2096 pedem
1276 2021 1388 2080 matris.

315 2127 467 2196 Matronae
496 2123 530 2182 in
560 2124 674 2182 choreis
704 2122 870 2199 puellarum
903 2123 1058 2182 altioribus
1080 2122 1226 2198 suggestis
1248 2123 1389 2182 videntur

315 2210 510 2286 consedisse.“
554 2228 594 2287 Et
623 2227 696 2286 haec
729 2226 791 2285 sola
821 2226 896 2285 ratio
919 2228 1011 2285 verba
1040 2226 1109 2297 illa,
1140 2225 1239 2305 qualia
1261 2231 1388 2298 exstant,

314 2328 494 2406 expediendi
510 2333 562 2388 cst.
600 2330 675 2389 Nam
693 2330 773 2407 quod
786 2328 989 2387 Weckleinius
1006 2328 1079 2387 dicit
1096 2331 1210 2402 „nebeu
1223 2330 1275 2386 der
1287 2328 1386 2386 lieben

312 2434 458 2504 Mutter“,
490 2437 520 2491 et
541 2438 667 2490 matrum
691 2438 721 2491 et
743 2430 871 2489 filiarum
893 2431 1014 2489 chorum
1037 2450 1095 2488 una
1117 2430 1271 2490 saltavisse
1293 2431 1386 2508 suspi-

313 2542 412 2608 catus,
444 2533 532 2592 nimia
554 2533 702 2593 incertum
732 2540 785 2592 est.
829 2523 1019 2591 Hermannus
1048 2534 1242 2592 vehementur
1262 2533 1384 2593 Seidleri

312 2639 395 2696 illam
416 2636 694 2713 interpretationem
723 2641 757 2694 ut
778 2635 909 2712 ineptam
932 2635 1122 2711 vituperans,
1155 2637 1304 2716 quemvis,
1336 2636 1387 2715 qui

312 2742 385 2800 haec
406 2741 499 2799 verba
514 2738 686 2811 audivisset,
709 2731 786 2796 πόδα
809 2758 874 2796 oum
897 2735 947 2796 εἱὶ.
966 2738 1190 2797 coniuncturum
1205 2739 1296 2798 fuisse
1319 2759 1388 2798 con·

312 2841 418 2902 tendit.
447 2841 505 2900 Sed
517 2841 629 2914 dubito,
653 2861 722 2900 num
736 2840 778 2900 ita
794 2843 829 2900 de
842 2841 1025 2901 auditoribus
1039 2841 1170 2901 iudicare
1185 2842 1281 2902 liceat.
1312 2842 1386 2900 Nam

256 2999 259 3003 .
312 2944 429 3004 etiamsi
459 2945 585 3004 formula
614 2937 693 3002 πόδα
715 2940 765 3003 all.
795 2944 921 3019 legitur,
954 2964 1013 3003 non
1043 2951 1102 3004 tem
1132 2945 1281 3004 sollemnis
1310 2945 1387 3003 facta

312 3053 373 3121 est,
406 3052 440 3106 ut
467 3047 517 3105 hic
538 3041 620 3106 πόδα
651 3047 687 3105 ad
710 3046 961 3122 praepositionem
983 3049 1204 3107 antecedentem
1227 3046 1305 3106 trahi
1326 3066 1386 3106 non

311 3155 419 3228 posset.
464 3151 502 3209 Et
516 3149 651 3227 pluribus
673 3148 746 3208 locis
765 3148 828 3207 sine
851 3142 932 3208 πόδα
950 3169 1038 3229 quam
1061 3169 1125 3208 cum
1148 3151 1203 3209 hac
1225 3170 1297 3210 voce
1319 3169 1385 3210 ver·

311 3255 380 3312 bum
403 3248 451 3310 εἱὶ.
475 3259 582 3314 exstat.
626 3252 744 3311 Deinde
767 3253 958 3312 Hermauuus
982 3253 1113 3332 quaerit,
1137 3253 1209 3334 quid
1231 3253 1284 3327 sit,
1307 3255 1386 3333 quod

311 3353 449 3414 mulieres
471 3345 581 3429 ἡλίκων
603 3347 732 3424 θιάσους
754 3351 805 3412 aa.
829 3355 973 3430 dicautur,
997 3359 1027 3415 et
1049 3356 1174 3414 multum
1196 3356 1317 3416 deloco
1339 3377 1386 3416 ra·

311 3457 470 3518 tiociuatus
493 3459 684 3533 depravatum
714 3478 777 3517 esse
805 3458 961 3518 lectionem
989 3459 1108 3532 statuit,
1142 3459 1385 3538 quampluribus

311 3566 342 3620 et
363 3559 435 3619 satis
458 3559 617 3620 audacibus
632 3559 845 3620 mutationibus
868 3561 957 3620 etiam
978 3563 1010 3620 iu
1033 3563 1155 3638 stropha
1173 3563 1260 3622 lactis
1282 3582 1384 3622 sanare

310 3665 418 3725 studet.
463 3661 549 3725 Quod
570 3662 681 3722 frustra
703 3662 808 3722 fecisse
830 3664 904 3721 mihi
926 3664 1046 3723 videtur
1068 3685 1164 3744 neque
1186 3665 1219 3724 in
1242 3661 1291 3723 εἱί.
1314 3658 1385 3725 broi·

310 3783 382 3836 σονς
412 3765 535 3826 offensio
565 3769 619 3823 est.
664 3766 794 3826 Verbum
826 3765 905 3824 enim
935 3767 1123 3827 intransitive
1154 3767 1272 3845 saepius
1302 3788 1385 3827 usur·

309 3873 399 3947 patui·
431 3868 533 3946 (Phoe.
559 3872 619 3925 235
655 3864 787 3924 εἱλίσσων
819 3861 976 3938 ἆθανοίτας
1008 3871 1083 3927 θεοῦ
1115 3864 1203 3950 χορός
1235 3873 1383 3951 γενοίμαν.

311 3971 360 4032 Or.
388 3976 476 4030 1292.
529 3971 584 4031 Ion
612 3974 702 4030 1166.
745 3972 771 4030 Ι.
800 3974 834 4031 Α.
861 3972 935 4051 212)
966 3974 1153 4048 significuus:
1187 3975 1322 4034 celeriter
1352 3995 1385 4036 se

309 4080 436 4147 vertero,
459 4074 575 4134 saltare.
623 4072 728 4132 Θίασοι
750 4078 847 4134 ποίοιν
869 4081 938 4134 sunt
960 4095 1084 4153 pompae
1106 4076 1156 4137 vel
1177 4078 1300 4137 choreae
1322 4079 1385 4155 ple·

309 4196 433 4260 rumque
455 4176 488 4236 in
502 4177 610 4238 Bacchi
630 4179 771 4237 honorem
787 4177 960 4251 institutae;
982 4180 1058 4240 bene
1079 4179 1172 4257 igitur
1194 4182 1285 4241 verba
1305 4180 1385 4243 iuter
