3222 4936
663 486 875 552 .,45..ἡ

236 645 316 700 1150
347 637 472 701 ποτανοὶ
507 634 620 719 ἤνυσαν
654 637 706 704 τάν
736 642 819 704 Atta
850 646 870 705 i.
895 666 920 706 e.
950 639 996 723 ἥν.
1035 638 1107 706 άιλάν
1140 644 1182 718 εἰς
1210 669 1236 707 τ.
1266 651 1304 706 Α.

235 744 284 803 Or.
314 749 392 804 1695
424 745 567 823 λαμπρῶν
601 738 716 827 άστρων
748 742 841 806 πάλον
873 742 1017 820 ἐξανύσας
1047 749 1126 810 viam
1158 751 1197 810 ad
1227 731 1330 812 astra*

234 840 401 908 conficiens.
439 848 477 907 cf.
496 848 568 924 Hip.
589 849 649 909 738
671 840 857 930 Ἐσπερίδων
878 845 905 910 d’
933 847 982 910 ἐπὶ
1003 845 1192 931 μηλάσπορον
1212 846 1306 912 άκτάν

235 942 383 1027 άνάσατμι.
400 986 442 997 -
460 952 527 1012 Tro.
545 954 604 1012 937
629 947 772 1033 Σπάρτης
790 947 910 1032 άπῆρας
928 951 977 1032 νηὶ
995 955 1128 1032 Κρησίαν
1145 948 1249 1032 χθόνα.
1265 990 1307 1001 -

236 1055 304 1132 (lyc.
330 1059 388 1114 221
422 1055 526 1138 λῃσταί
561 1075 637 1126 τινες
670 1052 810 1134 κατέσχον
841 1051 945 1134 χθόνα.
999 1059 1067 1118 Hel.
1095 1063 1175 1118 1206
1208 1051 1307 1118 πάθεν

235 1153 354 1234 κατέσχε
376 1159 432 1237 γῆν
439 1181 449 1230 3
472 1193 513 1204 -
538 1153 677 1231 Πελάζειν
706 1165 737 1219 et
758 1154 885 1218 πλάθειν
906 1180 994 1220 sensu
1023 1161 1146 1221 intrans.
1171 1181 1259 1239 saepe
1282 1184 1305 1224 c.

236 1279 296 1321 acc.
328 1265 547 1322 construuntur.
592 1263 667 1322 Rhe.
695 1268 742 1322 14.
788 1265 865 1323 And
893 1267 983 1323 1140.
1023 1284 1048 1323 ο.
1071 1266 1131 1324 dat.
1155 1267 1232 1326 And.
1257 1271 1307 1327 25.

237 1363 311 1423 Ηοο.
338 1363 427 1423 1267.
472 1366 544 1424 Ηοτ.
571 1370 619 1424 49.

323 1467 393 1526 Hel.
421 1473 499 1528 1323
523 1471 621 1529 cedda
642 1462 898 1546 χιονοθρέμμονάς
921 1461 949 1549 γ’
966 1463 1085 1548 έπέρασ’
1102 1464 1215 1530 Ἰδαιᾶν
1237 1494 1308 1549 ναμ·

239 1570 302 1643 φάν
318 1567 452 1643 σκοπιάς,
476 1568 571 1649 ῥίπτει
591 1565 619 1630 d’
638 1568 670 1630 έν
691 1567 798 1631 πένθει
814 1569 936 1651 πέτρινα
958 1566 1032 1631 κατά
1048 1571 1116 1651 δρία
1131 1571 1306 1649 πολυνιφέα.

239 1672 348 1748 Agitur
370 1675 408 1734 de
429 1679 522 1734 matre
544 1677 649 1748 Idaea,
673 1695 762 1755 quae,
785 1675 848 1734 filia
869 1676 978 1736 frustra
1000 1676 1149 1755 quaesita,
1171 1677 1204 1736 in
1226 1681 1310 1739 sedes

239 1796 306 1836 suas
327 1777 414 1837 redit.
457 1779 645 1838 Hermannus
668 1778 723 1838 hoc
746 1779 809 1839 loco
829 1778 1033 1852 grammaticos
1055 1781 1155 1839 doctos
1178 1780 1310 1857 castigat,

242 1881 293 1959 qni
315 1879 387 1940 satis
408 1881 568 1940 habuerint
590 1901 700 1954 curare,
722 1887 756 1941 ut
776 1883 868 1942 verba
890 1881 1023 1942 construi
1044 1882 1167 1959 possint,
1190 1901 1249 1943 nou
1273 1885 1309 1943 de

242 1983 387 2044 sententia
404 1991 588 2063 quaerentes.
632 1982 698 2048 Quo
716 1985 796 2044 enim
811 1986 899 2044 Idaea
914 1992 1016 2058 mator,
1037 1984 1209 2061 interrogat,
1231 1992 1311 2063 post·

244 2107 331 2166 quam
352 2088 439 2146 finem
462 2087 625 2167 quaerendi
642 2087 722 2160 fecit,
744 2093 928 2164 transgressa
950 2093 995 2148 est
1011 2087 1115 2149 Idam?
1158 2087 1223 2153 Quo
1246 2097 1311 2150 tan·

243 2192 308 2260 dem
329 2189 422 2251 itura?
465 2191 635 2249 Mansuram
651 2191 784 2250 crederes
805 2189 839 2248 in
860 2192 929 2250 sede
949 2211 1002 2250 sua
1023 2192 1118 2251 fusam
1133 2195 1309 2271 quaerendo.

241 2294 310 2371 Ipse
331 2296 422 2354 verba
439 2300 577 2372 corrupta
597 2294 710 2353 habens
725 2287 853 2373 διέπερσ’
879 2292 990 2367 scribit,
1012 2299 1046 2355 ut
1068 2297 1122 2354 dea
1143 2302 1212 2372 post
1231 2296 1309 2356 redi-

241 2403 305 2456 tum
325 2397 358 2457 in
380 2402 509 2458 montem
533 2417 618 2456 suum
640 2396 792 2458 cacumina
812 2397 1008 2474 prostravisse
1039 2417 1072 2457 ac
1093 2397 1245 2459 disiecisse
1268 2399 1313 2458 di·

242 2505 325 2559 catur
346 2500 443 2579 iisque
465 2502 557 2561 saltus
580 2500 698 2562 nivosos
720 2499 867 2572 obruisse,
898 2502 977 2560 unde
1001 2508 1106 2578 sponte
1126 2500 1313 2577 intelligatur

241 2623 390 2663 reversam
412 2604 536 2680 cogitari
567 2606 603 2664 ad
634 2605 717 2665 sedes
735 2609 911 2664 consuetas.
956 2604 1070 2664 Vellem
1092 2605 1241 2666 attulisset
1265 2606 1313 2666 vir

242 2708 354 2780 doctus,
375 2697 464 2768 unde
476 2713 537 2768 tam
558 2708 690 2769 violenta
711 2711 801 2787 atque
822 2707 927 2767 insana
942 2707 1057 2768 ratione
1080 2709 1164 2767 deam
1185 2708 1313 2769 reditum

243 2830 328 2869 suum
359 2810 538 2872 indicavisse
570 2812 687 2872 edoceri
719 2830 879 2888 possemus.
933 2811 1007 2870 Nam
1038 2811 1064 2870 si
1097 2811 1164 2891 quis
1197 2811 1314 2885 obiciat,

243 2912 404 2974 Asiaticam
425 2915 507 2974 illam
529 2921 652 2976 matrem
673 2917 793 2976 Idaeam
814 2917 877 2974 fera
906 2919 936 2975 et
957 2915 1095 2974 frementi
1117 2915 1231 2976 ratione
1253 2917 1315 2976 cul·

244 3022 304 3077 tam
326 3017 438 3098 talique
459 3019 589 3080 tumultu
610 3019 742 3096 gavisam
766 3038 845 3091 esse,
871 3018 920 3077 hic
941 3023 1059 3095 poetam
1081 3018 1180 3096 potius
1203 3021 1239 3077 de
1262 3018 1314 3078 (le-

244 3111 310 3181 rere
332 3121 508 3198 cogitavisse
536 3122 690 3200 respiciat;
724 3124 779 3182 dea
809 3122 888 3182 enim
918 3121 1010 3180 filiam
1041 3121 1177 3182 amissam
1200 3123 1315 3202 quaesi·

244 3224 323 3284 visse
346 3225 466 3301 dicitur,
498 3229 576 3307 quod
598 3225 712 3287 Cereris
741 3225 833 3287 fuisse
863 3225 930 3306 quis
950 3223 1086 3300 ignorat?
1129 3224 1198 3302 Ipse
1217 3231 1316 3285 autem

246 3330 433 3389 Hermaunus
455 3331 592 3390 adhunc
614 3335 731 3391 cantum
753 3329 903 3389 ehericum
920 3327 1081 3401 adnotavit,
1104 3334 1205 3404 aperte
1226 3329 1259 3387 in
1281 3348 1316 3389 eo

246 3434 403 3495 coniuncta
437 3453 501 3494 esse
539 3438 662 3510 cognata
692 3432 805 3492 Cereris
836 3437 867 3492 at
895 3434 1021 3508 Magnae
1048 3431 1154 3491 Matris
1185 3431 1315 3491 numina.

232 3521 296 3598 'Ad
313 3538 448 3598 Cererem
470 3543 567 3598 autem
589 3538 702 3597 rabiem
724 3541 754 3597 et
775 3535 920 3595 insaniam
941 3535 1032 3608 illam,
1056 3554 1130 3613 quae
1152 3554 1257 3595 vereor
1278 3555 1317 3595 ne

247 3643 307 3720 ipsi
328 3642 415 3702 matri
429 3644 534 3702 Idaeae
556 3641 650 3702 maior
670 3640 718 3714 sit,
742 3641 894 3720 quadrare,
916 3658 955 3698 ne
969 3639 1175 3697 Hermannum
1198 3637 1317 3717 quidem

248 3747 385 3825 cuiquam
414 3747 591 3824 persuadere
625 3763 711 3822 posse
744 3745 839 3803 credo.
884 3741 1013 3814 Omnino
1043 3741 1124 3800 locus
1155 3739 1318 3799 mutatione

247 3871 307 3912 non
338 3855 414 3926 eget.
458 3850 555 3909 Verbo
586 3849 665 3920 enim
694 3848 789 3926 περᾶν
818 3865 933 3922 semper
961 3843 1197 3920 transgrediendi
1227 3843 1317 3916 notin,

248 3962 282 4032 ut
302 3955 492 4016 Hermannus
514 3952 631 4030 opinari
651 3951 785 4022 videtur,
816 3949 889 4009 insit
910 3968 1029 4007 necesse
1051 3966 1111 4006 non
1133 3952 1193 4024 est;
1219 3945 1318 4020 immo,

248 4059 396 4137 significat
410 4055 558 4134 progredi,
580 4053 736 4132 proficisci,
759 4055 794 4113 cf.
808 4053 971 4112 Phocaea
989 4055 1045 4110 ποῖ
1056 4050 1154 4129 πτεροῖς
1180 4048 1319 4127 Θεσπρω-

249 4157 301 4224 τάν
322 4149 423 4233 οὖδας.
469 4160 519 4220 Or.
544 4162 603 4217 506
628 4153 670 4228 εἰς
698 4148 841 4233 ὀμμάτων
868 4149 921 4232 μέν
943 4147 1016 4230 ὄψιν
1046 4147 1104 4212 ονίι
1126 4149 1195 4210 εἷ’ων
1217 4153 1319 4230 περᾶν.

251 4267 317 4336 Qua
338 4267 424 4329 verbi
445 4265 566 4328 notione
588 4266 708 4340 recepta
729 4259 829 4320 omnia
850 4262 926 4320 bene
949 4257 1131 4321 conveniunt
1153 4258 1266 4340 deaque
1286 4255 1321 4322 iu
