3222 4936
718 457 910 522 ,4,

283 647 354 686 vum
379 627 428 688 vel
451 628 629 688 adieetivum
652 629 848 690 dissolvatur:
871 649 904 688 er
925 630 1096 704 sublege:
1118 651 1150 688 er
1171 631 1240 688 thut
1263 630 1351 690 einen

281 727 406 803 Sohlag,
439 750 471 789 er
501 732 639 791 herrsoht
659 759 702 782 =
736 752 768 791 er
790 732 830 790 ist
851 734 1026 791 Herrseher.
1073 731 1155 795 Quae
1176 733 1251 790 duae
1272 733 1351 791 vires

283 851 462 912 quamquam
484 833 516 891 in
538 835 630 894 verbo
654 836 794 893 confusae
817 841 895 908 sunt,
916 840 1015 894 tamen
1038 855 1087 893 eas
1110 855 1169 894 non
1194 836 1349 893 evanuisse

282 941 312 993 et
334 936 462 1010 vestigia
484 954 585 993 earum
609 938 722 996 servari
744 959 782 997 ex
805 959 839 997 eo
855 943 988 1016 apparet,
1011 938 1089 1017 quod
1112 937 1206 995 altera
1228 937 1352 997 alteram

283 1057 423 1114 superare
446 1045 475 1098 et
498 1039 665 1115 opprimere
687 1045 795 1118 potest.
837 1039 867 1098 Si
890 1040 973 1099 notio
999 1041 1200 1117 praedicativa
1228 1041 1350 1099 maioris

280 1141 422 1216 ponderis
444 1145 503 1212 est,
533 1142 617 1201 verbi
647 1149 852 1216 argumentum
875 1143 994 1217 gravius
1026 1148 1055 1201 et
1075 1143 1107 1201 in
1131 1163 1162 1201 se
1184 1145 1349 1218 perfeetum

284 1243 395 1315 existit,
418 1249 533 1302 utnon
557 1249 642 1318 egeat
663 1246 758 1304 altera
779 1265 866 1318 voee,
895 1247 929 1304 in
952 1264 1040 1324 quam
1062 1246 1123 1305 vim
1150 1264 1232 1303 suam
1254 1250 1350 1304 trans-

263 1344 369 1419 ¹ferat,
392 1347 516 1405 verbum
538 1346 762 1407 intransitivum
785 1349 827 1408 fit.
879 1348 910 1404 Si
933 1349 979 1408 vis
1001 1348 1129 1407 verbalis
1151 1347 1351 1424 principatum

284 1453 375 1522 tenet,
400 1469 549 1526 oppressa,
573 1469 631 1528 qua
655 1453 878 1510 sustentabatur
899 1450 1021 1508 notione
1043 1449 1254 1526 praedicativa,
1285 1468 1351 1507 ver-

282 1552 352 1610 bum
376 1552 567 1612 transitivum
589 1553 705 1626 evadit,
737 1554 830 1633 quod,
860 1573 926 1612 oum
960 1572 1020 1611 non
1042 1553 1154 1611 iamin
1178 1573 1209 1610 se
1231 1553 1349 1623 habeat,

283 1674 341 1734 quo
358 1674 389 1713 se
404 1657 516 1714 referat
532 1673 648 1734 quoque
665 1657 854 1728 sustineatur,
878 1657 1025 1714 obiectum
1041 1656 1197 1728 desiderat,
1220 1655 1256 1712 ad
1272 1654 1350 1733 quod

283 1777 313 1814 se
336 1757 465 1834 applicet
487 1776 604 1836 quoque
626 1757 687 1816 vim
710 1778 792 1817 suam
813 1759 983 1817 transferat.
1019 1758 1102 1822 Quae
1125 1778 1190 1817 oum
1212 1757 1256 1816 ita
1277 1757 1348 1828 sint,

282 1881 319 1918 ne
343 1859 498 1936 opinemur
521 1861 682 1919 cavendum
706 1861 791 1920 nobis
815 1867 867 1932 est,
891 1862 1049 1920 verborum
1071 1861 1130 1919 alia
1150 1859 1348 1930 transitivum,

281 1963 340 2021 alia
361 1961 587 2021 intransitivum
609 1981 695 2020 usum
718 1964 772 2036 sibi
797 1963 957 2023 vindieare.
994 1965 1126 2022 Maxima
1148 1963 1226 2021 enim
1248 1981 1349 2020 eorum

182 2094 185 2100 ·
282 2069 382 2124 exstat
402 2064 553 2124 mobilitas
583 2069 614 2123 et
642 2065 714 2124 lioet
744 2066 920 2138 multorum,
951 2067 1098 2144 imprimis
1125 2065 1349 2125 transitivorum

280 2169 440 2229 verborum
460 2187 531 2225 usus
548 2168 637 2226 oertis
652 2155 788 2227 terminis
805 2168 1043 2245 oiroumsoriptus
1060 2169 1106 2242 sit,
1122 2167 1268 2245 permulta
1283 2165 1349 2224 aliis

282 2269 467 2347 temporibus
490 2275 520 2328 et
542 2272 579 2328 ab
598 2270 665 2329 aliis
688 2271 881 2348 scriptoribus
905 2271 963 2328 alio
986 2271 1083 2342 modo,
1105 2276 1168 2329 tum
1190 2269 1347 2328 transitive

280 2379 344 2431 tum
365 2372 565 2449 intransitive,
586 2380 728 2449 usurpata
744 2380 821 2433 sunt.
855 2374 1019 2432 Multorum
1035 2373 1245 2448 exemplorum,
1269 2390 1347 2454 qnae

280 2475 455 2552 Rumpelius
477 2476 547 2534 huie
568 2476 699 2536 libertati
722 2478 898 2536 dooumento
921 2477 1022 2551 affert,
1053 2475 1164 2552 optime
1196 2496 1259 2534 sam
1282 2474 1347 2531 illu-

282 2585 358 2638 strat
380 2578 512 2637 Terentii
541 2578 631 2637 illud:
661 2599 757 2637 meum
787 2584 903 2653 gratum
925 2598 1027 2637 rumor
1055 2583 1101 2637 est
1122 2597 1228 2637 amare.
1273 2577 1348 2635 (lon-

279 2681 363 2756 groit
389 2682 513 2741 verbum
541 2701 661 2757 prorsus
689 2701 755 2740 oum
785 2689 887 2740 nostro
917 2681 1046 2740 verliebt
1075 2681 1138 2739 sein
1169 2685 1200 2739 et
1227 2680 1348 2738 uberior

280 2783 398 2842 amandi
430 2783 513 2842 notio
536 2782 615 2840 inest
639 2802 728 2862 quam
749 2783 781 2841 in
803 2783 976 2856 transitivo,
1007 2783 1039 2840 in
1062 2803 1121 2862 quo
1144 2783 1180 2841 ad
1203 2781 1349 2840 obieotum

282 2887 435 2962 pertinens
458 2885 613 2943 debilitata
635 2889 688 2946 est.
739 2887 816 2945 Usus
846 2885 1031 2946 intransitivi
1060 2887 1217 2945 verborum
1240 2883 1348 2942 transi-

278 2989 408 3048 tivorum
437 2987 598 3066 specimina
620 2988 678 3045 alia
701 2993 778 3047 sunt.
823 2990 904 3047 Caes.
934 2990 962 3046 b.
987 3008 1013 3061 g.
1041 2991 1109 3059 l,44
1137 2988 1173 3044 de
1201 2987 1348 3063 stipendio

280 3096 432 3163 reeusant3
459 3095 527 3163 5,32
551 3095 707 3169 postquam
733 3091 833 3148 hostes
856 3091 892 3148 de
914 3090 1098 3168 profectione
1128 3109 1227 3148 earum
1250 3109 1348 3146 sense-

278 3198 367 3267 runt;
396 3197 465 3266 3,12
489 3193 642 3251 minuente
671 3198 769 3266 aestu;
799 3193 866 3253 Liv.
890 3197 981 3264 2136
1004 3193 1140 3251 incolunt
1164 3198 1247 3250 nans
1269 3193 1348 3250 Rhe-

281 3316 368 3366 num;
390 3299 481 3368 40‚59
504 3299 584 3353 terra
606 3301 718 3368 movet;
742 3295 815 3354 Gell.
842 3299 931 3367 18,12
954 3315 1001 3354 res
1025 3295 1117 3356 auxit.
1152 3295 1242 3352 Hune
1264 3313 1349 3352 usum

282 3399 359 3476 apud
382 3397 509 3456 Graeoos
533 3416 650 3476 quoque
671 3397 814 3456 latissime
837 3402 938 3472 patere
961 3403 1063 3456 notum
1085 3403 1146 3470 est,
1177 3416 1235 3476 qua
1257 3397 1293 3454 de
1315 3417 1348 3455 re

282 3521 319 3559 ne
348 3501 434 3578 plura
456 3499 603 3571 dieamus,
634 3499 792 3558 multorum
824 3500 981 3558 verborum
1003 3499 1171 3557 meminisse
1200 3499 1272 3557 satis
1295 3505 1348 3570 est,

281 3623 356 3683 quae
378 3608 441 3661 tum
464 3621 530 3661 oum
552 3603 736 3674 aoousativo,
768 3607 831 3660 tum
855 3621 919 3660 oum
943 3602 1075 3676 genitivo
1098 3601 1148 3662 vel
1177 3602 1278 3662 dativo
1300 3600 1349 3661 vel

279 3704 499 3783 praepositione
523 3710 743 3763 construuntur.

364 3809 383 3866 J
384 3827 430 3866 am
443 3828 481 3867 ex
491 3807 548 3879 his,
562 3826 636 3886 quae
649 3807 786 3880 diximus,
803 3807 936 3865 definitio
945 3807 1105 3867 aoousativi
1118 3806 1196 3865 ultro
1208 3826 1239 3865 se
1252 3805 1346 3864 offert

280 3911 355 3969 Nam
378 3930 443 3968 oum
466 3911 589 3969 verbum
612 3909 817 3981 transitivum,
853 3916 1009 3988 postquam
1034 3909 1116 3968 notio
1146 3908 1348 3985 praedicativa

281 4013 410 4086 evanuit,
433 4013 486 4085 sui,
510 4018 544 4070 ut
564 4011 608 4070 ita
623 4011 726 4084 dicam,
746 4011 823 4086 juris
845 4031 909 4070 esse
925 4012 1075 4071 desineret
1096 4018 1125 4070 et
1140 4012 1228 4070 aliam
1245 4030 1348 4070 vooem

281 4115 476 4187 desideraret,
508 4115 539 4172 in
564 4133 651 4193 quam
674 4113 734 4172 vim
757 4107 839 4172 suam
860 4115 1010 4175 verbalem
1038 4115 1100 4192 (vel
1121 4113 1268 4172 astionem
1292 4112 1348 4171 sibi

278 4217 501 4294 immanentem)
541 4219 718 4276 transferret
739 4217 840 4295 itaque
862 4218 979 4277 demum
1000 4219 1147 4291 integram
1170 4215 1348 4276 sententiam
