<?xml version="1.0" encoding="UTF-8"?>
<!DOCTYPE html PUBLIC "-//W3C//DTD XHTML 1.0 Transitional//EN"
    "http://www.w3.org/TR/xhtml1/DTD/xhtml1-transitional.dtd">
<html xmlns="http://www.w3.org/1999/xhtml" xml:lang="en" lang="en">
 <head>
  <title>
</title>
<meta http-equiv="Content-Type" content="text/html;charset=utf-8" />
  <meta name='ocr-system' content='tesseract 3.04.00' />
  <meta name='ocr-capabilities' content='ocr_page ocr_carea ocr_par ocr_line ocrx_word'/>
</head>
<body>
  <div class='ocr_page' id='page_1' title='image "./deaccusativiusu00carsgoog_0049.png"; bbox 0 0 3222 4936; ppageno 0'>
   <div class='ocr_carea' id='block_1_1' title="bbox 708 477 920 544">
    <p class='ocr_par' dir='ltr' id='par_1_1' title="bbox 708 477 920 544">
     <span class='ocr_line' id='line_1_1' title="bbox 708 477 920 544; baseline -0.005 -19"><span class='ocrx_word' id='word_1_1' title='bbox 708 477 920 544; x_wconf 70' lang='lat'>..42-</span> 
     </span>
    </p>
   </div>
   <div class='ocr_carea' id='block_1_2' title="bbox 277 641 1347 828">
    <p class='ocr_par' dir='ltr' id='par_1_2' title="bbox 277 641 1347 828">
     <span class='ocr_line' id='line_1_2' title="bbox 277 641 1347 729; baseline 0.003 -24"><span class='ocrx_word' id='word_1_2' title='bbox 277 645 365 706; x_wconf 83' lang='grc' dir='ltr'><strong><em>τιοίαν</em></strong></span> <span class='ocrx_word' id='word_1_3' title='bbox 393 641 545 725; x_wconf 77' lang='grc' dir='ltr'><strong><em>ἢταύταν</em></strong></span> <span class='ocrx_word' id='word_1_4' title='bbox 574 643 715 727; x_wconf 73' lang='grc' dir='ltr'><strong><em>ἢκείναν</em></strong></span> <span class='ocrx_word' id='word_1_5' title='bbox 745 651 861 729; x_wconf 71' lang='grc' dir='ltr'><strong><em>στοίχοις</em></strong></span> <span class='ocrx_word' id='word_1_6' title='bbox 894 652 939 712; x_wconf 85' lang='grc' dir='ltr'><strong>ΕΙ.</strong></span> <span class='ocrx_word' id='word_1_7' title='bbox 969 656 1047 712; x_wconf 84' lang='grc'><strong>1046</strong></span> <span class='ocrx_word' id='word_1_8' title='bbox 1078 645 1228 729; x_wconf 76' lang='grc' dir='ltr'><strong><em>ἐτρέφθην</em></strong></span> <span class='ocrx_word' id='word_1_9' title='bbox 1254 643 1347 728; x_wconf 78' lang='grc' dir='ltr'><strong><em>ἥνπερ</em></strong></span> 
     </span>
     <span class='ocr_line' id='line_1_3' title="bbox 278 736 527 828; baseline 0.016 -21"><span class='ocrx_word' id='word_1_10' title='bbox 278 736 314 826; x_wconf 78' lang='grc' dir='ltr'><strong><em>ἦν</em></strong></span> <span class='ocrx_word' id='word_1_11' title='bbox 337 745 527 828; x_wconf 79' lang='grc' dir='ltr'><strong><em>πορεύσιμον.</em></strong></span> 
     </span>
    </p>
   </div>
   <div class='ocr_carea' id='block_1_3' title="bbox 230 855 1351 4333">
    <p class='ocr_par' dir='ltr' id='par_1_3' title="bbox 230 855 1351 2993">
     <span class='ocr_line' id='line_1_4' title="bbox 361 855 1348 935; baseline 0.001 -22"><span class='ocrx_word' id='word_1_12' title='bbox 361 855 430 914; x_wconf 85' lang='grc' dir='ltr'><strong><em>Νοιι</em></strong></span> <span class='ocrx_word' id='word_1_13' title='bbox 452 856 623 931; x_wconf 84' lang='lat' dir='ltr'><strong>negligendi</strong></span> <span class='ocrx_word' id='word_1_14' title='bbox 654 862 724 917; x_wconf 90' lang='lat' dir='ltr'><strong>sunt</strong></span> <span class='ocrx_word' id='word_1_15' title='bbox 753 857 803 917; x_wconf 89' lang='lat' dir='ltr'><strong>hic</strong></span> <span class='ocrx_word' id='word_1_16' title='bbox 831 862 893 918; x_wconf 88' lang='lat' dir='ltr'><strong>tres</strong></span> <span class='ocrx_word' id='word_1_17' title='bbox 922 857 994 930; x_wconf 90' lang='lat' dir='ltr'><strong>loci,</strong></span> <span class='ocrx_word' id='word_1_18' title='bbox 1027 855 1079 935; x_wconf 94' lang='lat' dir='ltr'><strong>qui</strong></span> <span class='ocrx_word' id='word_1_19' title='bbox 1101 855 1348 915; x_wconf 79' lang='lat' dir='ltr'><strong>constructionem</strong></span> 
     </span>
     <span class='ocr_line' id='line_1_5' title="bbox 275 957 1348 1020; baseline -0.001 -3"><span class='ocrx_word' id='word_1_20' title='bbox 275 957 362 1017; x_wconf 86' lang='lat' dir='ltr'><strong>valde</strong></span> <span class='ocrx_word' id='word_1_21' title='bbox 393 958 557 1016; x_wconf 85' lang='lat' dir='ltr'><strong>mirabilem</strong></span> <span class='ocrx_word' id='word_1_22' title='bbox 586 960 715 1020; x_wconf 88' lang='lat' dir='ltr'><strong>offerunt</strong></span> <span class='ocrx_word' id='word_1_23' title='bbox 746 967 776 1020; x_wconf 90' lang='lat' dir='ltr'><strong>et</strong></span> <span class='ocrx_word' id='word_1_24' title='bbox 805 960 963 1019; x_wconf 89' lang='lat' dir='ltr'><strong>multarum</strong></span> <span class='ocrx_word' id='word_1_25' title='bbox 987 958 1252 1019; x_wconf 83' lang='lat' dir='ltr'><strong>controversiarum</strong></span> <span class='ocrx_word' id='word_1_26' title='bbox 1281 978 1348 1017; x_wconf 92' lang='lat' dir='ltr'><strong>cau-</strong></span> 
     </span>
     <span class='ocr_line' id='line_1_6' title="bbox 277 1055 1349 1139; baseline 0.002 -22"><span class='ocrx_word' id='word_1_27' title='bbox 277 1080 338 1118; x_wconf 87' lang='lat' dir='ltr'><strong>sam</strong></span> <span class='ocrx_word' id='word_1_28' title='bbox 361 1062 569 1136; x_wconf 89' lang='lat' dir='ltr'><strong>praebuerunt.</strong></span> <span class='ocrx_word' id='word_1_29' title='bbox 613 1063 639 1120; x_wconf 94' lang='grc' dir='ltr'><strong>Ι.</strong></span> <span class='ocrx_word' id='word_1_30' title='bbox 665 1063 697 1121; x_wconf 87' lang='grc' dir='ltr'><strong>Τ.</strong></span> <span class='ocrx_word' id='word_1_31' title='bbox 724 1069 783 1123; x_wconf 84' lang='grc'><strong>360</strong></span> <span class='ocrx_word' id='word_1_32' title='bbox 808 1055 935 1122; x_wconf 77' lang='grc' dir='ltr'><strong>αὐλεῖται</strong></span> <span class='ocrx_word' id='word_1_33' title='bbox 957 1058 989 1122; x_wconf 72' lang='grc' dir='ltr'><strong>δὲ</strong></span> <span class='ocrx_word' id='word_1_34' title='bbox 1017 1064 1078 1121; x_wconf 77' lang='grc' dir='ltr'><strong><em>πᾶν</em></strong></span> <span class='ocrx_word' id='word_1_35' title='bbox 1100 1058 1264 1139; x_wconf 74' lang='grc' dir='ltr'><strong><em>μέλαθρον,</em></strong></span> <span class='ocrx_word' id='word_1_36' title='bbox 1295 1059 1349 1120; x_wconf 91' lang='lat' dir='ltr'><strong>ubi</strong></span> 
     </span>
     <span class='ocr_line' id='line_1_7' title="bbox 230 1159 1349 1238; baseline 0.002 -18"><span class='ocrx_word' id='word_1_37' title='bbox 230 1179 232 1183; x_wconf 56' lang='lat'><strong>⁴</strong></span> <span class='ocrx_word' id='word_1_38' title='bbox 277 1159 336 1238; x_wconf 81' lang='grc' dir='ltr'><strong><em>μέλ.</em></strong></span> <span class='ocrx_word' id='word_1_39' title='bbox 362 1169 459 1222; x_wconf 92' lang='lat' dir='ltr'><strong>utrum</strong></span> <span class='ocrx_word' id='word_1_40' title='bbox 482 1164 682 1224; x_wconf 78' lang='lat' dir='ltr'><strong>nominativus</strong></span> <span class='ocrx_word' id='word_1_41' title='bbox 704 1184 741 1223; x_wconf 87' lang='lat' dir='ltr'><strong>an</strong></span> <span class='ocrx_word' id='word_1_42' title='bbox 765 1167 950 1225; x_wconf 85' lang='lat' dir='ltr'><strong>accusativus</strong></span> <span class='ocrx_word' id='word_1_43' title='bbox 971 1166 1141 1226; x_wconf 89' lang='lat' dir='ltr'><strong>habendum</strong></span> <span class='ocrx_word' id='word_1_44' title='bbox 1166 1163 1206 1224; x_wconf 89' lang='lat' dir='ltr'><strong>sit</strong></span> <span class='ocrx_word' id='word_1_45' title='bbox 1226 1163 1349 1223; x_wconf 90' lang='lat' dir='ltr'><strong>dubium</strong></span> 
     </span>
     <span class='ocr_line' id='line_1_8' title="bbox 278 1259 1350 1346; baseline 0.003 -22"><span class='ocrx_word' id='word_1_46' title='bbox 278 1273 331 1324; x_wconf 89' lang='lat' dir='ltr'><strong>est.</strong></span> <span class='ocrx_word' id='word_1_47' title='bbox 376 1265 501 1326; x_wconf 80' lang='lat' dir='ltr'><strong>Etiamsi</strong></span> <span class='ocrx_word' id='word_1_48' title='bbox 523 1259 623 1326; x_wconf 75' lang='grc' dir='ltr'><strong><em>αὐλεῖν</em></strong></span> <span class='ocrx_word' id='word_1_49' title='bbox 653 1289 718 1326; x_wconf 92' lang='grc' dir='ltr'><strong><em>τινα</em></strong></span> <span class='ocrx_word' id='word_1_50' title='bbox 747 1269 807 1328; x_wconf 90' lang='lat' dir='ltr'><strong>dici</strong></span> <span class='ocrx_word' id='word_1_51' title='bbox 828 1275 941 1346; x_wconf 89' lang='lat' dir='ltr'><strong>posset,</strong></span> <span class='ocrx_word' id='word_1_52' title='bbox 978 1288 1081 1328; x_wconf 86' lang='lat' dir='ltr'><strong>sensus</strong></span> <span class='ocrx_word' id='word_1_53' title='bbox 1103 1266 1179 1328; x_wconf 82' lang='lat' dir='ltr'><strong>alius</strong></span> <span class='ocrx_word' id='word_1_54' title='bbox 1201 1269 1350 1327; x_wconf 74' lang='lat' dir='ltr'><strong>evaderet·</strong></span> 
     </span>
     <span class='ocr_line' id='line_1_9' title="bbox 277 1367 1349 1450; baseline 0.002 -24"><span class='ocrx_word' id='word_1_55' title='bbox 277 1388 363 1446; x_wconf 88' lang='lat' dir='ltr'><strong>quam</strong></span> <span class='ocrx_word' id='word_1_56' title='bbox 393 1367 442 1427; x_wconf 90' lang='lat' dir='ltr'><strong>hic</strong></span> <span class='ocrx_word' id='word_1_57' title='bbox 471 1369 670 1441; x_wconf 88' lang='lat' dir='ltr'><strong>desideratur,</strong></span> <span class='ocrx_word' id='word_1_58' title='bbox 704 1371 755 1430; x_wconf 88' lang='lat' dir='ltr'><strong>sol.</strong></span> <span class='ocrx_word' id='word_1_59' title='bbox 779 1372 861 1431; x_wconf 91' lang='lat' dir='ltr'><strong>tibiis</strong></span> <span class='ocrx_word' id='word_1_60' title='bbox 891 1373 979 1450; x_wconf 88' lang='lat' dir='ltr'><strong>alqm.</strong></span> <span class='ocrx_word' id='word_1_61' title='bbox 1003 1371 1151 1431; x_wconf 89' lang='lat' dir='ltr'><strong>celebrare</strong></span> <span class='ocrx_word' id='word_1_62' title='bbox 1158 1392 1166 1442; x_wconf 90' lang='lat'>;</span> <span class='ocrx_word' id='word_1_63' title='bbox 1198 1369 1349 1429; x_wconf 89' lang='lat' dir='ltr'><strong>notionem</strong></span> 
     </span>
     <span class='ocr_line' id='line_1_10' title="bbox 276 1472 1349 1550; baseline 0.002 -22"><span class='ocrx_word' id='word_1_64' title='bbox 276 1476 389 1542; x_wconf 88' lang='lat' dir='ltr'><strong>eutem,</strong></span> <span class='ocrx_word' id='word_1_65' title='bbox 423 1491 498 1550; x_wconf 89' lang='lat' dir='ltr'><strong>quae</strong></span> <span class='ocrx_word' id='word_1_66' title='bbox 527 1473 577 1532; x_wconf 91' lang='lat' dir='ltr'><strong>hic</strong></span> <span class='ocrx_word' id='word_1_67' title='bbox 603 1479 671 1550; x_wconf 87' lang='lat' dir='ltr'><strong>epte</strong></span> <span class='ocrx_word' id='word_1_68' title='bbox 699 1481 760 1547; x_wconf 90' lang='lat' dir='ltr'><strong>est,</strong></span> <span class='ocrx_word' id='word_1_69' title='bbox 792 1475 1015 1548; x_wconf 64' lang='lat' dir='ltr'><strong>„durchfidtem</strong></span> <span class='ocrx_word' id='word_1_70' title='bbox 1046 1472 1103 1533; x_wconf 89' lang='lat' dir='ltr'><strong>mit</strong></span> <span class='ocrx_word' id='word_1_71' title='bbox 1121 1472 1281 1532; x_wconf 78' lang='lat' dir='ltr'><strong>Fldtenton</strong></span> <span class='ocrx_word' id='word_1_72' title='bbox 1303 1491 1349 1530; x_wconf 91' lang='lat' dir='ltr'><strong>er-</strong></span> 
     </span>
     <span class='ocr_line' id='line_1_11' title="bbox 275 1573 1349 1653; baseline 0.002 -23"><span class='ocrx_word' id='word_1_73' title='bbox 275 1573 388 1631; x_wconf 78' lang='lat' dir='ltr'><strong>fiillen“</strong></span> <span class='ocrx_word' id='word_1_74' title='bbox 410 1576 539 1652; x_wconf 89' lang='lat' dir='ltr'><strong>supponi</strong></span> <span class='ocrx_word' id='word_1_75' title='bbox 567 1597 652 1653; x_wconf 89' lang='lat' dir='ltr'><strong>posse</strong></span> <span class='ocrx_word' id='word_1_76' title='bbox 682 1596 741 1637; x_wconf 89' lang='lat' dir='ltr'><strong>non</strong></span> <span class='ocrx_word' id='word_1_77' title='bbox 764 1578 949 1638; x_wconf 77' lang='lat' dir='ltr'><strong>crediderim.</strong></span> <span class='ocrx_word' id='word_1_78' title='bbox 994 1578 1072 1637; x_wconf 89' lang='lat' dir='ltr'><strong>Plut.</strong></span> <span class='ocrx_word' id='word_1_79' title='bbox 1097 1580 1166 1636; x_wconf 85' lang='lat' dir='ltr'><strong>Ant</strong></span> <span class='ocrx_word' id='word_1_80' title='bbox 1193 1580 1231 1634; x_wconf 83' lang='lat'><strong>43</strong></span> <span class='ocrx_word' id='word_1_81' title='bbox 1260 1576 1349 1650; x_wconf 79' lang='grc' dir='ltr'><strong><em>νῆσος</em></strong></span> 
     </span>
     <span class='ocr_line' id='line_1_12' title="bbox 276 1677 1349 1759; baseline 0.002 -25"><span class='ocrx_word' id='word_1_82' title='bbox 276 1678 457 1752; x_wconf 71' lang='grc' dir='ltr'><strong><em>κατηυλεῖτο,</em></strong></span> <span class='ocrx_word' id='word_1_83' title='bbox 481 1679 534 1757; x_wconf 90' lang='lat' dir='ltr'><strong>qui</strong></span> <span class='ocrx_word' id='word_1_84' title='bbox 556 1679 637 1739; x_wconf 90' lang='lat' dir='ltr'><strong>locus</strong></span> <span class='ocrx_word' id='word_1_85' title='bbox 652 1680 830 1740; x_wconf 83' lang='lat' dir='ltr'><strong>nominativi</strong></span> <span class='ocrx_word' id='word_1_86' title='bbox 852 1677 1003 1759; x_wconf 77' lang='grc' dir='ltr'><strong><em>μέλαθρον</em></strong></span> <span class='ocrx_word' id='word_1_87' title='bbox 1020 1678 1158 1738; x_wconf 84' lang='lat' dir='ltr'><strong>firmandi</strong></span> <span class='ocrx_word' id='word_1_88' title='bbox 1179 1698 1266 1739; x_wconf 88' lang='lat' dir='ltr'><strong>causa</strong></span> <span class='ocrx_word' id='word_1_89' title='bbox 1287 1678 1349 1737; x_wconf 88' lang='lat' dir='ltr'><strong>lau-</strong></span> 
     </span>
     <span class='ocr_line' id='line_1_13' title="bbox 277 1775 1349 1860; baseline 0.001 -22"><span class='ocrx_word' id='word_1_90' title='bbox 277 1781 371 1852; x_wconf 89' lang='lat' dir='ltr'><strong>datur,</strong></span> <span class='ocrx_word' id='word_1_91' title='bbox 394 1779 472 1838; x_wconf 89' lang='lat' dir='ltr'><strong>nihil</strong></span> <span class='ocrx_word' id='word_1_92' title='bbox 494 1781 590 1858; x_wconf 87' lang='lat' dir='ltr'><strong>valet;</strong></span> <span class='ocrx_word' id='word_1_93' title='bbox 622 1784 745 1841; x_wconf 87' lang='lat' dir='ltr'><strong>verbum</strong></span> <span class='ocrx_word' id='word_1_94' title='bbox 778 1783 856 1841; x_wconf 89' lang='lat' dir='ltr'><strong>enim</strong></span> <span class='ocrx_word' id='word_1_95' title='bbox 878 1781 1097 1860; x_wconf 77' lang='lat' dir='ltr'><strong>praepositione</strong></span> <span class='ocrx_word' id='word_1_96' title='bbox 1120 1775 1194 1840; x_wconf 79' lang='grc' dir='ltr'><strong><em>κατά</em></strong></span> <span class='ocrx_word' id='word_1_97' title='bbox 1217 1780 1349 1842; x_wconf 60' lang='lat' dir='ltr'><strong>tansiti-</strong></span> 
     </span>
     <span class='ocr_line' id='line_1_14' title="bbox 279 1883 1350 1963; baseline 0 -22"><span class='ocrx_word' id='word_1_98' title='bbox 279 1902 349 1941; x_wconf 87' lang='lat' dir='ltr'><strong>vum</strong></span> <span class='ocrx_word' id='word_1_99' title='bbox 380 1884 489 1942; x_wconf 86' lang='lat' dir='ltr'><strong>factum</strong></span> <span class='ocrx_word' id='word_1_100' title='bbox 521 1891 574 1944; x_wconf 89' lang='lat' dir='ltr'><strong>est.</strong></span> <span class='ocrx_word' id='word_1_101' title='bbox 620 1887 688 1944; x_wconf 86' lang='lat' dir='ltr'><strong>Mea</strong></span> <span class='ocrx_word' id='word_1_102' title='bbox 716 1885 864 1944; x_wconf 86' lang='lat' dir='ltr'><strong>sententia</strong></span> <span class='ocrx_word' id='word_1_103' title='bbox 895 1887 955 1962; x_wconf 83' lang='grc' dir='ltr'><strong><em>μιλ.</em></strong></span> <span class='ocrx_word' id='word_1_104' title='bbox 987 1885 1169 1944; x_wconf 88' lang='lat' dir='ltr'><strong>accusativus</strong></span> <span class='ocrx_word' id='word_1_105' title='bbox 1200 1888 1260 1957; x_wconf 89' lang='lat' dir='ltr'><strong>est,</strong></span> <span class='ocrx_word' id='word_1_106' title='bbox 1298 1883 1350 1963; x_wconf 92' lang='lat' dir='ltr'><strong>qui</strong></span> 
     </span>
     <span class='ocr_line' id='line_1_15' title="bbox 276 1985 1349 2063; baseline 0 -19"><span class='ocrx_word' id='word_1_107' title='bbox 276 1987 387 2062; x_wconf 78' lang='lat' dir='ltr'>pendet</span> <span class='ocrx_word' id='word_1_108' title='bbox 410 2005 426 2042; x_wconf 95' lang='lat' dir='ltr'><strong>e</strong></span> <span class='ocrx_word' id='word_1_109' title='bbox 447 1987 548 2058; x_wconf 84' lang='lat' dir='ltr'><strong>verbo,</strong></span> <span class='ocrx_word' id='word_1_110' title='bbox 581 1987 705 2063; x_wconf 88' lang='lat' dir='ltr'><strong>proinde</strong></span> <span class='ocrx_word' id='word_1_111' title='bbox 728 2007 761 2046; x_wconf 89' lang='lat' dir='ltr'><strong>ac</strong></span> <span class='ocrx_word' id='word_1_112' title='bbox 783 1987 809 2046; x_wconf 88' lang='lat' dir='ltr'><strong>si</strong></span> <span class='ocrx_word' id='word_1_113' title='bbox 831 1988 922 2047; x_wconf 88' lang='lat' dir='ltr'><strong>eundi</strong></span> <span class='ocrx_word' id='word_1_114' title='bbox 943 1987 1025 2046; x_wconf 91' lang='lat' dir='ltr'><strong>notio</strong></span> <span class='ocrx_word' id='word_1_115' title='bbox 1048 1987 1075 2045; x_wconf 88' lang='lat' dir='ltr'><strong>ei</strong></span> <span class='ocrx_word' id='word_1_116' title='bbox 1097 1987 1223 2047; x_wconf 89' lang='lat' dir='ltr'><strong>inesset:</strong></span> <span class='ocrx_word' id='word_1_117' title='bbox 1256 1985 1349 2045; x_wconf 83' lang='lat' dir='ltr'><strong>fio&#39;ten</strong></span> 
     </span>
     <span class='ocr_line' id='line_1_16' title="bbox 277 2088 1350 2168; baseline 0.003 -23"><span class='ocrx_word' id='word_1_118' title='bbox 277 2088 370 2146; x_wconf 88' lang='lat' dir='ltr'><strong>durch</strong></span> <span class='ocrx_word' id='word_1_119' title='bbox 400 2089 452 2147; x_wconf 87' lang='lat' dir='ltr'><strong>das</strong></span> <span class='ocrx_word' id='word_1_120' title='bbox 474 2089 600 2148; x_wconf 86' lang='lat' dir='ltr'><strong>Zimmer</strong></span> <span class='ocrx_word' id='word_1_121' title='bbox 630 2090 835 2168; x_wconf 85' lang='lat' dir='ltr'><strong>hin(gehend).</strong></span> <span class='ocrx_word' id='word_1_122' title='bbox 882 2088 964 2154; x_wconf 80' lang='lat' dir='ltr'><strong>Quae</strong></span> <span class='ocrx_word' id='word_1_123' title='bbox 995 2090 1154 2167; x_wconf 76' lang='lat' dir='ltr'><strong>explicatio</strong></span> <span class='ocrx_word' id='word_1_124' title='bbox 1185 2089 1350 2164; x_wconf 82' lang='lat' dir='ltr'><strong>graviorem</strong></span> 
     </span>
     <span class='ocr_line' id='line_1_17' title="bbox 275 2187 1349 2273; baseline 0.002 -23"><span class='ocrx_word' id='word_1_125' title='bbox 275 2191 341 2250; x_wconf 90' lang='lat' dir='ltr'><strong>veri</strong></span> <span class='ocrx_word' id='word_1_126' title='bbox 363 2192 490 2268; x_wconf 89' lang='lat' dir='ltr'><strong>speciem</strong></span> <span class='ocrx_word' id='word_1_127' title='bbox 513 2195 704 2273; x_wconf 76' lang='lat' dir='ltr'><strong>consequitur</strong></span> <span class='ocrx_word' id='word_1_128' title='bbox 727 2195 819 2254; x_wconf 87' lang='lat' dir='ltr'><strong>altero</strong></span> <span class='ocrx_word' id='word_1_129' title='bbox 841 2195 905 2254; x_wconf 89' lang='lat' dir='ltr'><strong>loco</strong></span> <span class='ocrx_word' id='word_1_130' title='bbox 924 2194 994 2253; x_wconf 87' lang='lat' dir='ltr'><strong>Hel.</strong></span> <span class='ocrx_word' id='word_1_131' title='bbox 1016 2198 1093 2253; x_wconf 83' lang='lat'>1435</span> <span class='ocrx_word' id='word_1_132' title='bbox 1118 2195 1218 2252; x_wconf 81' lang='grc' dir='ltr'><strong><em>πᾶσαν</em></strong></span> <span class='ocrx_word' id='word_1_133' title='bbox 1241 2187 1272 2252; x_wconf 75' lang='grc' dir='ltr'><strong>δὲ</strong></span> <span class='ocrx_word' id='word_1_134' title='bbox 1293 2187 1349 2268; x_wconf 74' lang='grc' dir='ltr'><strong>χρὴ</strong></span> 
     </span>
     <span class='ocr_line' id='line_1_18' title="bbox 276 2286 1350 2374; baseline 0.003 -23"><span class='ocrx_word' id='word_1_135' title='bbox 276 2297 363 2372; x_wconf 83' lang='grc' dir='ltr'><strong><em>γαῖαν</em></strong></span> <span class='ocrx_word' id='word_1_136' title='bbox 385 2292 519 2370; x_wconf 77' lang='grc' dir='ltr'><strong><em>βοᾶσθαι</em></strong></span> <span class='ocrx_word' id='word_1_137' title='bbox 545 2286 689 2372; x_wconf 70' lang='grc' dir='ltr'><strong><em>ὑμέναιον</em></strong></span> <span class='ocrx_word' id='word_1_138' title='bbox 710 2287 830 2374; x_wconf 79' lang='grc' dir='ltr'><strong><em>Ἑλένης</em></strong></span> <span class='ocrx_word' id='word_1_139' title='bbox 857 2289 955 2373; x_wconf 80' lang='grc' dir='ltr'><strong><em>ιιοῖμόν</em></strong></span> <span class='ocrx_word' id='word_1_140' title='bbox 975 2296 995 2354; x_wconf 93' lang='lat' dir='ltr'><strong>i.</strong></span> <span class='ocrx_word' id='word_1_141' title='bbox 1019 2316 1045 2356; x_wconf 89' lang='lat' dir='ltr'><strong>e.</strong></span> <span class='ocrx_word' id='word_1_142' title='bbox 1070 2298 1162 2355; x_wconf 88' lang='lat' dir='ltr'><strong>durch</strong></span> <span class='ocrx_word' id='word_1_143' title='bbox 1184 2297 1235 2354; x_wconf 84' lang='lat' dir='ltr'><strong>das</strong></span> <span class='ocrx_word' id='word_1_144' title='bbox 1257 2315 1350 2372; x_wconf 82' lang='lat' dir='ltr'><strong>ganza</strong></span> 
     </span>
     <span class='ocr_line' id='line_1_19' title="bbox 277 2396 1351 2476; baseline -0.002 -19"><span class='ocrx_word' id='word_1_145' title='bbox 277 2398 361 2457; x_wconf 88' lang='lat' dir='ltr'><strong>Laud</strong></span> <span class='ocrx_word' id='word_1_146' title='bbox 392 2399 448 2457; x_wconf 90' lang='lat' dir='ltr'><strong>soll</strong></span> <span class='ocrx_word' id='word_1_147' title='bbox 470 2400 594 2475; x_wconf 82' lang='lat' dir='ltr'><strong>gerufon</strong></span> <span class='ocrx_word' id='word_1_148' title='bbox 616 2401 746 2458; x_wconf 86' lang='lat' dir='ltr'><strong>werden.</strong></span> <span class='ocrx_word' id='word_1_149' title='bbox 791 2400 900 2460; x_wconf 88' lang='lat' dir='ltr'><strong>Parum</strong></span> <span class='ocrx_word' id='word_1_150' title='bbox 922 2405 991 2476; x_wconf 87' lang='lat' dir='ltr'><strong>apte</strong></span> <span class='ocrx_word' id='word_1_151' title='bbox 1019 2404 1116 2459; x_wconf 89' lang='lat' dir='ltr'><strong>autem</strong></span> <span class='ocrx_word' id='word_1_152' title='bbox 1146 2399 1196 2458; x_wconf 91' lang='lat' dir='ltr'><strong>hic</strong></span> <span class='ocrx_word' id='word_1_153' title='bbox 1217 2396 1351 2474; x_wconf 79' lang='grc' dir='ltr'><strong><em>βοᾶσθαι</em></strong></span> 
     </span>
     <span class='ocr_line' id='line_1_20' title="bbox 276 2495 1350 2579; baseline 0.003 -21"><span class='ocrx_word' id='word_1_154' title='bbox 276 2520 364 2559; x_wconf 88' lang='lat' dir='ltr'><strong>sensu</strong></span> <span class='ocrx_word' id='word_1_155' title='bbox 379 2535 381 2541; x_wconf 94' lang='lat'>·</span> <span class='ocrx_word' id='word_1_156' title='bbox 394 2501 512 2560; x_wconf 90' lang='lat' dir='ltr'><strong>mediali</strong></span> <span class='ocrx_word' id='word_1_157' title='bbox 543 2509 577 2562; x_wconf 89' lang='lat' dir='ltr'><strong>ut</strong></span> <span class='ocrx_word' id='word_1_158' title='bbox 606 2503 632 2562; x_wconf 90' lang='grc' dir='ltr'><strong>Ι.</strong></span> <span class='ocrx_word' id='word_1_159' title='bbox 657 2503 691 2562; x_wconf 88' lang='grc' dir='ltr'><strong>Τ.</strong></span> <span class='ocrx_word' id='word_1_160' title='bbox 715 2504 775 2561; x_wconf 82' lang='grc'><strong>437</strong></span> <span class='ocrx_word' id='word_1_161' title='bbox 807 2495 898 2571; x_wconf 75' lang='grc' dir='ltr'><strong><em>λατός</em></strong></span> <span class='ocrx_word' id='word_1_162' title='bbox 927 2497 1054 2579; x_wconf 80' lang='grc' dir='ltr'><strong><em>βοάσθω</em></strong></span> <span class='ocrx_word' id='word_1_163' title='bbox 1083 2501 1236 2579; x_wconf 89' lang='lat' dir='ltr'><strong>accipitur.</strong></span> <span class='ocrx_word' id='word_1_164' title='bbox 1290 2499 1350 2565; x_wconf 75' lang='lat' dir='ltr'><strong>Qui</strong></span> 
     </span>
     <span class='ocr_line' id='line_1_21' title="bbox 275 2595 1349 2681; baseline 0 -19"><span class='ocrx_word' id='word_1_165' title='bbox 275 2603 435 2663; x_wconf 83' lang='lat' dir='ltr'><strong>accusativi</strong></span> <span class='ocrx_word' id='word_1_166' title='bbox 458 2604 569 2681; x_wconf 89' lang='lat' dir='ltr'><strong>optime</strong></span> <span class='ocrx_word' id='word_1_167' title='bbox 591 2605 801 2664; x_wconf 87' lang='lat' dir='ltr'><strong>confirmantur</strong></span> <span class='ocrx_word' id='word_1_168' title='bbox 823 2606 896 2664; x_wconf 90' lang='lat' dir='ltr'><strong>Her.</strong></span> <span class='ocrx_word' id='word_1_169' title='bbox 918 2610 976 2664; x_wconf 90' lang='lat'><strong>401</strong></span> <span class='ocrx_word' id='word_1_170' title='bbox 1001 2606 1197 2680; x_wconf 75' lang='grc' dir='ltr'><strong><em>θυηπολεῖιαι</em></strong></span> <span class='ocrx_word' id='word_1_171' title='bbox 1220 2599 1248 2662; x_wconf 79' lang='grc' dir='ltr'><strong>θ’</strong></span> <span class='ocrx_word' id='word_1_172' title='bbox 1275 2595 1349 2664; x_wconf 66' lang='grc' dir='ltr'><strong><em>ἔστιν</em></strong></span> 
     </span>
     <span class='ocr_line' id='line_1_22' title="bbox 277 2700 1350 2784; baseline 0.005 -23"><span class='ocrx_word' id='word_1_173' title='bbox 277 2702 410 2780; x_wconf 82' lang='grc' dir='ltr'><strong><em>μαντὲων</em></strong></span> <span class='ocrx_word' id='word_1_174' title='bbox 431 2700 491 2765; x_wconf 76' lang='grc' dir='ltr'><strong><em>ῧιιο</em></strong></span> <span class='ocrx_word' id='word_1_175' title='bbox 521 2707 541 2765; x_wconf 91' lang='lat' dir='ltr'><strong>i.</strong></span> <span class='ocrx_word' id='word_1_176' title='bbox 566 2710 602 2767; x_wconf 69' lang='lat' dir='ltr'><strong>e.&#39;</strong></span> <span class='ocrx_word' id='word_1_177' title='bbox 623 2709 655 2767; x_wconf 94' lang='lat' dir='ltr'><strong>in</strong></span> <span class='ocrx_word' id='word_1_178' title='bbox 687 2709 738 2767; x_wconf 91' lang='lat' dir='ltr'><strong>der</strong></span> <span class='ocrx_word' id='word_1_179' title='bbox 760 2708 846 2768; x_wconf 81' lang='lat' dir='ltr'><strong>Stedt</strong></span> <span class='ocrx_word' id='word_1_180' title='bbox 874 2708 950 2768; x_wconf 88' lang='lat' dir='ltr'><strong>wird</strong></span> <span class='ocrx_word' id='word_1_181' title='bbox 980 2709 1124 2784; x_wconf 81' lang='lat' dir='ltr'><strong>geopfert.</strong></span> <span class='ocrx_word' id='word_1_182' title='bbox 1169 2708 1222 2767; x_wconf 79' lang='lat' dir='ltr'><strong>Sin</strong></span> <span class='ocrx_word' id='word_1_183' title='bbox 1251 2714 1350 2768; x_wconf 87' lang='lat' dir='ltr'><strong>autem</strong></span> 
     </span>
     <span class='ocr_line' id='line_1_23' title="bbox 276 2800 1349 2888; baseline 0.001 -21"><span class='ocrx_word' id='word_1_184' title='bbox 276 2800 349 2868; x_wconf 70' lang='grc' dir='ltr'><strong><em>ὅσια</em></strong></span> <span class='ocrx_word' id='word_1_185' title='bbox 365 2810 582 2871; x_wconf 78' lang='lat' dir='ltr'><strong>nominativum</strong></span> <span class='ocrx_word' id='word_1_186' title='bbox 596 2811 801 2885; x_wconf 77' lang='lat' dir='ltr'><strong>iudicaremur,</strong></span> <span class='ocrx_word' id='word_1_187' title='bbox 823 2814 982 2872; x_wconf 88' lang='lat' dir='ltr'><strong>verborum</strong></span> <span class='ocrx_word' id='word_1_188' title='bbox 997 2831 1115 2871; x_wconf 87' lang='lat' dir='ltr'><strong>sensum</strong></span> <span class='ocrx_word' id='word_1_189' title='bbox 1131 2810 1349 2888; x_wconf 87' lang='lat' dir='ltr'><strong>ineptissimum</strong></span> 
     </span>
     <span class='ocr_line' id='line_1_24' title="bbox 277 2913 638 2993; baseline 0.008 -21"><span class='ocrx_word' id='word_1_190' title='bbox 277 2933 340 2973; x_wconf 90' lang='lat' dir='ltr'><strong>esse</strong></span> <span class='ocrx_word' id='word_1_191' title='bbox 364 2913 430 2993; x_wconf 89' lang='lat' dir='ltr'><strong>quis</strong></span> <span class='ocrx_word' id='word_1_192' title='bbox 453 2933 512 2972; x_wconf 92' lang='lat' dir='ltr'><strong>non</strong></span> <span class='ocrx_word' id='word_1_193' title='bbox 535 2913 638 2975; x_wconf 84' lang='lat' dir='ltr'><strong>videt?</strong></span> 
     </span>
    </p>

    <p class='ocr_par' dir='ltr' id='par_1_4' title="bbox 275 3017 1350 4333">
     <span class='ocr_line' id='line_1_25' title="bbox 363 3017 1349 3098; baseline -0.003 -21"><span class='ocrx_word' id='word_1_194' title='bbox 363 3017 626 3078; x_wconf 82' lang='lat' dir='ltr'><strong>Accusativus</strong></span> <span class='ocrx_word' id='word_1_195' title='bbox 656 3017 744 3078; x_wconf 89' lang='lat' dir='ltr'><strong>loci.</strong></span> <span class='ocrx_word' id='word_1_196' title='bbox 768 3052 810 3063; x_wconf 94' lang='lat'><em>-</em></span> <span class='ocrx_word' id='word_1_197' title='bbox 833 3017 1102 3098; x_wconf 83' lang='lat' dir='ltr'><strong>Frequentissimus</strong></span> <span class='ocrx_word' id='word_1_198' title='bbox 1124 3021 1269 3088; x_wconf 80' lang='lat' dir='ltr'><strong>asturus,</strong></span> <span class='ocrx_word' id='word_1_199' title='bbox 1291 3033 1349 3094; x_wconf 93' lang='lat' dir='ltr'><strong>quo</strong></span> 
     </span>
     <span class='ocr_line' id='line_1_26' title="bbox 279 3119 1350 3201; baseline -0.003 -20"><span class='ocrx_word' id='word_1_200' title='bbox 279 3122 370 3181; x_wconf 89' lang='lat' dir='ltr'><strong>verba</strong></span> <span class='ocrx_word' id='word_1_201' title='bbox 401 3119 491 3180; x_wconf 88' lang='lat' dir='ltr'><strong>eundi</strong></span> <span class='ocrx_word' id='word_1_202' title='bbox 521 3126 552 3181; x_wconf 90' lang='lat' dir='ltr'><strong>et</strong></span> <span class='ocrx_word' id='word_1_203' title='bbox 579 3121 720 3181; x_wconf 88' lang='lat' dir='ltr'><strong>veniendi</strong></span> <span class='ocrx_word' id='word_1_204' title='bbox 753 3127 783 3181; x_wconf 91' lang='lat' dir='ltr'><strong>et</strong></span> <span class='ocrx_word' id='word_1_205' title='bbox 805 3121 927 3194; x_wconf 86' lang='lat' dir='ltr'><strong>similia,</strong></span> <span class='ocrx_word' id='word_1_206' title='bbox 961 3140 1035 3201; x_wconf 90' lang='lat' dir='ltr'><strong>quae</strong></span> <span class='ocrx_word' id='word_1_207' title='bbox 1057 3125 1169 3180; x_wconf 90' lang='lat' dir='ltr'><strong>motum</strong></span> <span class='ocrx_word' id='word_1_208' title='bbox 1198 3119 1350 3178; x_wconf 89' lang='lat' dir='ltr'><strong>inlocum</strong></span> 
     </span>
     <span class='ocr_line' id='line_1_27' title="bbox 278 3222 1350 3299; baseline -0.001 -19"><span class='ocrx_word' id='word_1_209' title='bbox 278 3223 458 3299; x_wconf 90' lang='lat' dir='ltr'><strong>exprimunt,</strong></span> <span class='ocrx_word' id='word_1_210' title='bbox 477 3224 557 3283; x_wconf 88' lang='lat' dir='ltr'><strong>huna</strong></span> <span class='ocrx_word' id='word_1_211' title='bbox 572 3224 660 3284; x_wconf 86' lang='lat' dir='ltr'><strong>finem</strong></span> <span class='ocrx_word' id='word_1_212' title='bbox 676 3224 844 3284; x_wconf 83' lang='lat' dir='ltr'><strong>accusativo</strong></span> <span class='ocrx_word' id='word_1_213' title='bbox 861 3243 959 3283; x_wconf 89' lang='lat' dir='ltr'><strong>secum</strong></span> <span class='ocrx_word' id='word_1_214' title='bbox 974 3224 1083 3282; x_wconf 88' lang='lat' dir='ltr'><strong>habere</strong></span> <span class='ocrx_word' id='word_1_215' title='bbox 1098 3226 1232 3299; x_wconf 88' lang='lat' dir='ltr'><strong>possunt.</strong></span> <span class='ocrx_word' id='word_1_216' title='bbox 1261 3222 1350 3298; x_wconf 82' lang='lat' dir='ltr'><strong>Apud</strong></span> 
     </span>
     <span class='ocr_line' id='line_1_28' title="bbox 276 3323 1350 3406; baseline -0.001 -23"><span class='ocrx_word' id='word_1_217' title='bbox 276 3325 398 3384; x_wconf 82' lang='lat' dir='ltr'><strong>Latinos</strong></span> <span class='ocrx_word' id='word_1_218' title='bbox 421 3345 538 3406; x_wconf 91' lang='lat' dir='ltr'><strong>quoque</strong></span> <span class='ocrx_word' id='word_1_219' title='bbox 571 3327 634 3388; x_wconf 90' lang='lat' dir='ltr'><strong>eius</strong></span> <span class='ocrx_word' id='word_1_220' title='bbox 666 3327 710 3386; x_wconf 92' lang='lat' dir='ltr'><strong>rei</strong></span> <span class='ocrx_word' id='word_1_221' title='bbox 739 3327 867 3403; x_wconf 85' lang='lat' dir='ltr'><strong>vestigia</strong></span> <span class='ocrx_word' id='word_1_222' title='bbox 889 3331 1011 3386; x_wconf 89' lang='lat' dir='ltr'><strong>manent</strong></span> <span class='ocrx_word' id='word_1_223' title='bbox 1038 3326 1071 3385; x_wconf 91' lang='lat' dir='ltr'><strong>in</strong></span> <span class='ocrx_word' id='word_1_224' title='bbox 1094 3324 1268 3384; x_wconf 86' lang='lat' dir='ltr'><strong>accusativis</strong></span> <span class='ocrx_word' id='word_1_225' title='bbox 1289 3323 1350 3383; x_wconf 90' lang='lat' dir='ltr'><strong>illis</strong></span> 
     </span>
     <span class='ocr_line' id='line_1_29' title="bbox 277 3428 1350 3510; baseline -0.001 -24"><span class='ocrx_word' id='word_1_226' title='bbox 277 3429 361 3488; x_wconf 89' lang='lat' dir='ltr'><strong>velut</strong></span> <span class='ocrx_word' id='word_1_227' title='bbox 383 3429 505 3488; x_wconf 89' lang='lat' dir='ltr'><strong>Romam</strong></span> <span class='ocrx_word' id='word_1_228' title='bbox 527 3431 589 3504; x_wconf 88' lang='lat' dir='ltr'><strong>ire,</strong></span> <span class='ocrx_word' id='word_1_229' title='bbox 622 3450 694 3510; x_wconf 89' lang='lat' dir='ltr'><strong>quos</strong></span> <span class='ocrx_word' id='word_1_230' title='bbox 723 3430 749 3489; x_wconf 92' lang='lat' dir='ltr'><strong>si</strong></span> <span class='ocrx_word' id='word_1_231' title='bbox 772 3429 922 3507; x_wconf 87' lang='lat' dir='ltr'><strong>explicare</strong></span> <span class='ocrx_word' id='word_1_232' title='bbox 951 3429 1014 3502; x_wconf 87' lang='lat' dir='ltr'><strong>vis,</strong></span> <span class='ocrx_word' id='word_1_233' title='bbox 1045 3447 1146 3488; x_wconf 87' lang='lat' dir='ltr'><strong>rursus</strong></span> <span class='ocrx_word' id='word_1_234' title='bbox 1167 3428 1350 3486; x_wconf 86' lang='lat' dir='ltr'><strong>redeundum</strong></span> 
     </span>
     <span class='ocr_line' id='line_1_30' title="bbox 276 3529 1347 3607; baseline -0.002 -17"><span class='ocrx_word' id='word_1_235' title='bbox 276 3537 322 3591; x_wconf 87' lang='lat' dir='ltr'><strong>est</strong></span> <span class='ocrx_word' id='word_1_236' title='bbox 343 3534 380 3591; x_wconf 85' lang='lat' dir='ltr'><strong>ad</strong></span> <span class='ocrx_word' id='word_1_237' title='bbox 402 3533 527 3592; x_wconf 89' lang='lat' dir='ltr'><strong>alterum</strong></span> <span class='ocrx_word' id='word_1_238' title='bbox 548 3553 625 3607; x_wconf 82' lang='lat' dir='ltr'><strong>ecc,</strong></span> <span class='ocrx_word' id='word_1_239' title='bbox 659 3532 742 3593; x_wconf 91' lang='lat' dir='ltr'><strong>cuius</strong></span> <span class='ocrx_word' id='word_1_240' title='bbox 765 3532 940 3592; x_wconf 86' lang='lat' dir='ltr'><strong>attributum</strong></span> <span class='ocrx_word' id='word_1_241' title='bbox 969 3531 1001 3589; x_wconf 92' lang='lat' dir='ltr'><strong>in</strong></span> <span class='ocrx_word' id='word_1_242' title='bbox 1023 3532 1146 3590; x_wconf 86' lang='lat' dir='ltr'><strong>Romam</strong></span> <span class='ocrx_word' id='word_1_243' title='bbox 1172 3529 1259 3590; x_wconf 89' lang='lat' dir='ltr'><strong>inest.</strong></span> <span class='ocrx_word' id='word_1_244' title='bbox 1304 3530 1347 3588; x_wconf 78' lang='lat' dir='ltr'><strong>ef.</strong></span> 
     </span>
     <span class='ocr_line' id='line_1_31' title="bbox 276 3624 1349 3711; baseline -0.001 -18"><span class='ocrx_word' id='word_1_245' title='bbox 276 3636 366 3695; x_wconf 90' lang='lat' dir='ltr'><strong>Phoe.</strong></span> <span class='ocrx_word' id='word_1_246' title='bbox 386 3640 444 3695; x_wconf 85' lang='grc'><strong>845</strong></span> <span class='ocrx_word' id='word_1_247' title='bbox 470 3629 549 3710; x_wconf 80' lang='grc' dir='ltr'><strong><em>πόση</em></strong></span> <span class='ocrx_word' id='word_1_248' title='bbox 571 3656 614 3705; x_wconf 81' lang='grc' dir='ltr'><strong><em>τις</em></strong></span> <span class='ocrx_word' id='word_1_249' title='bbox 637 3626 657 3711; x_wconf 77' lang='grc' dir='ltr'><em>ἡ</em></span> <span class='ocrx_word' id='word_1_250' title='bbox 677 3627 826 3704; x_wconf 83' lang='grc' dir='ltr'><strong><em>’τιλλοιιιας</em></strong></span> <span class='ocrx_word' id='word_1_251' title='bbox 848 3627 959 3702; x_wconf 84' lang='grc' dir='ltr'><strong><em>ιἰσιέοις</em></strong></span> <span class='ocrx_word' id='word_1_252' title='bbox 981 3624 1053 3701; x_wconf 75' lang='grc' dir='ltr'><strong>ὁδός</strong></span> <span class='ocrx_word' id='word_1_253' title='bbox 1074 3633 1128 3693; x_wconf 89' lang='lat' dir='ltr'><strong>der</strong></span> <span class='ocrx_word' id='word_1_254' title='bbox 1149 3633 1226 3692; x_wconf 91' lang='lat' dir='ltr'><strong>noch</strong></span> <span class='ocrx_word' id='word_1_255' title='bbox 1245 3632 1349 3706; x_wconf 82' lang='lat' dir='ltr'><strong>iibrige</strong></span> 
     </span>
     <span class='ocr_line' id='line_1_32' title="bbox 277 3727 1349 3816; baseline -0.004 -18"><span class='ocrx_word' id='word_1_256' title='bbox 277 3739 354 3812; x_wconf 87' lang='lat' dir='ltr'><strong>Weg</strong></span> <span class='ocrx_word' id='word_1_257' title='bbox 375 3737 407 3796; x_wconf 90' lang='lat' dir='ltr'><strong>in</strong></span> <span class='ocrx_word' id='word_1_258' title='bbox 430 3738 479 3798; x_wconf 89' lang='lat' dir='ltr'><strong>die</strong></span> <span class='ocrx_word' id='word_1_259' title='bbox 501 3739 604 3810; x_wconf 79' lang='lat' dir='ltr'><strong>Stedt,</strong></span> <span class='ocrx_word' id='word_1_260' title='bbox 639 3738 691 3816; x_wconf 90' lang='lat' dir='ltr'><strong>qui</strong></span> <span class='ocrx_word' id='word_1_261' title='bbox 713 3738 794 3797; x_wconf 90' lang='lat' dir='ltr'><strong>locus</strong></span> <span class='ocrx_word' id='word_1_262' title='bbox 817 3729 870 3814; x_wconf 72' lang='grc' dir='ltr'><strong><em>τήν</em></strong></span> <span class='ocrx_word' id='word_1_263' title='bbox 893 3728 1003 3805; x_wconf 81' lang='grc' dir='ltr'><strong><em>αἲσιέως</em></strong></span> <span class='ocrx_word' id='word_1_264' title='bbox 1025 3727 1098 3795; x_wconf 69' lang='lat' dir='ltr'><strong>toto</strong></span> <span class='ocrx_word' id='word_1_265' title='bbox 1121 3731 1194 3796; x_wconf 81' lang='grc' dir='ltr'><strong><em>ἰέναι</em></strong></span> <span class='ocrx_word' id='word_1_266' title='bbox 1216 3735 1276 3795; x_wconf 91' lang='lat' dir='ltr'><strong>dici</strong></span> <span class='ocrx_word' id='word_1_267' title='bbox 1297 3755 1349 3812; x_wconf 93' lang='lat' dir='ltr'><strong>po·</strong></span> 
     </span>
     <span class='ocr_line' id='line_1_33' title="bbox 276 3830 1349 3916; baseline -0.005 -15"><span class='ocrx_word' id='word_1_268' title='bbox 276 3841 368 3901; x_wconf 89' lang='lat' dir='ltr'><strong>tuisse</strong></span> <span class='ocrx_word' id='word_1_269' title='bbox 384 3841 575 3913; x_wconf 83' lang='lat' dir='ltr'><strong>demonstret,</strong></span> <span class='ocrx_word' id='word_1_270' title='bbox 598 3840 658 3914; x_wconf 89' lang='lat' dir='ltr'><strong>ubi,</strong></span> <span class='ocrx_word' id='word_1_271' title='bbox 681 3861 747 3899; x_wconf 91' lang='lat' dir='ltr'><strong>cum</strong></span> <span class='ocrx_word' id='word_1_272' title='bbox 764 3841 909 3900; x_wconf 87' lang='lat' dir='ltr'><strong>eiceretur</strong></span> <span class='ocrx_word' id='word_1_273' title='bbox 924 3830 1007 3912; x_wconf 75' lang='grc' dir='ltr'><strong><em>ὁδόν,</em></strong></span> <span class='ocrx_word' id='word_1_274' title='bbox 1031 3837 1158 3916; x_wconf 82' lang='lat' dir='ltr'><strong>genitivi</strong></span> <span class='ocrx_word' id='word_1_275' title='bbox 1179 3837 1243 3898; x_wconf 92' lang='lat' dir='ltr'><strong>loco</strong></span> <span class='ocrx_word' id='word_1_276' title='bbox 1265 3857 1349 3897; x_wconf 90' lang='lat' dir='ltr'><strong>accu-</strong></span> 
     </span>
     <span class='ocr_line' id='line_1_34' title="bbox 275 3939 1349 4019; baseline -0.005 -15"><span class='ocrx_word' id='word_1_277' title='bbox 275 3943 389 4004; x_wconf 87' lang='lat' dir='ltr'><strong>sativus</strong></span> <span class='ocrx_word' id='word_1_278' title='bbox 416 3946 572 4019; x_wconf 86' lang='lat' dir='ltr'><strong>ponendus</strong></span> <span class='ocrx_word' id='word_1_279' title='bbox 603 3950 674 4003; x_wconf 89' lang='lat' dir='ltr'><strong>erat.</strong></span> <span class='ocrx_word' id='word_1_280' title='bbox 720 3948 859 4004; x_wconf 84' lang='lat' dir='ltr'><strong>Attamen</strong></span> <span class='ocrx_word' id='word_1_281' title='bbox 887 3943 961 4002; x_wconf 87' lang='lat' dir='ltr'><strong>haec</strong></span> <span class='ocrx_word' id='word_1_282' title='bbox 984 3940 1163 4001; x_wconf 90' lang='lat' dir='ltr'><strong>constructio</strong></span> <span class='ocrx_word' id='word_1_283' title='bbox 1184 3941 1216 3999; x_wconf 92' lang='lat' dir='ltr'><strong>in</strong></span> <span class='ocrx_word' id='word_1_284' title='bbox 1240 3939 1349 4000; x_wconf 84' lang='lat' dir='ltr'><strong>Graeca</strong></span> 
     </span>
     <span class='ocr_line' id='line_1_35' title="bbox 276 4042 1350 4123; baseline -0.007 -15"><span class='ocrx_word' id='word_1_285' title='bbox 276 4049 379 4123; x_wconf 85' lang='lat' dir='ltr'><strong>lingua</strong></span> <span class='ocrx_word' id='word_1_286' title='bbox 400 4046 560 4123; x_wconf 85' lang='lat' dir='ltr'><strong>praecipue</strong></span> <span class='ocrx_word' id='word_1_287' title='bbox 583 4052 736 4123; x_wconf 83' lang='lat' dir='ltr'><strong>poetarum</strong></span> <span class='ocrx_word' id='word_1_288' title='bbox 767 4051 826 4118; x_wconf 88' lang='lat' dir='ltr'><strong>est,</strong></span> <span class='ocrx_word' id='word_1_289' title='bbox 860 4066 925 4105; x_wconf 91' lang='lat' dir='ltr'><strong>oum</strong></span> <span class='ocrx_word' id='word_1_290' title='bbox 947 4044 1093 4123; x_wconf 87' lang='lat' dir='ltr'><strong>pedestris</strong></span> <span class='ocrx_word' id='word_1_291' title='bbox 1115 4043 1257 4103; x_wconf 87' lang='lat' dir='ltr'><strong>orationis</strong></span> <span class='ocrx_word' id='word_1_292' title='bbox 1279 4042 1350 4102; x_wconf 88' lang='lat' dir='ltr'><strong>scri·</strong></span> 
     </span>
     <span class='ocr_line' id='line_1_36' title="bbox 276 4149 1348 4228; baseline -0.006 -18"><span class='ocrx_word' id='word_1_293' title='bbox 276 4159 376 4228; x_wconf 89' lang='lat' dir='ltr'><strong>ptores</strong></span> <span class='ocrx_word' id='word_1_294' title='bbox 398 4149 496 4226; x_wconf 90' lang='lat' dir='ltr'><strong>potins</strong></span> <span class='ocrx_word' id='word_1_295' title='bbox 526 4150 796 4227; x_wconf 84' lang='lat' dir='ltr'><strong>praepositionibus</strong></span> <span class='ocrx_word' id='word_1_296' title='bbox 825 4155 955 4209; x_wconf 89' lang='lat' dir='ltr'><strong>utantur.</strong></span> <span class='ocrx_word' id='word_1_297' title='bbox 1000 4150 1090 4225; x_wconf 82' lang='lat' dir='ltr'><strong>Apud</strong></span> <span class='ocrx_word' id='word_1_298' title='bbox 1119 4152 1221 4224; x_wconf 86' lang='lat' dir='ltr'><strong>poetas</strong></span> <span class='ocrx_word' id='word_1_299' title='bbox 1243 4154 1348 4218; x_wconf 83' lang='lat' dir='ltr'><strong>cutem,</strong></span> 
     </span>
     <span class='ocr_line' id='line_1_37' title="bbox 277 4249 1349 4333; baseline -0.006 -20"><span class='ocrx_word' id='word_1_300' title='bbox 277 4253 424 4333; x_wconf 88' lang='lat' dir='ltr'><strong>siquidem</strong></span> <span class='ocrx_word' id='word_1_301' title='bbox 444 4253 567 4314; x_wconf 85' lang='lat' dir='ltr'><strong>Homeri</strong></span> <span class='ocrx_word' id='word_1_302' title='bbox 591 4260 620 4312; x_wconf 88' lang='lat' dir='ltr'><strong>et</strong></span> <span class='ocrx_word' id='word_1_303' title='bbox 642 4253 819 4330; x_wconf 81' lang='lat' dir='ltr'><strong>tragicorum</strong></span> <span class='ocrx_word' id='word_1_304' title='bbox 841 4253 986 4312; x_wconf 87' lang='lat' dir='ltr'><strong>rationem</strong></span> <span class='ocrx_word' id='word_1_305' title='bbox 1008 4251 1088 4310; x_wconf 90' lang='lat' dir='ltr'><strong>inter</strong></span> <span class='ocrx_word' id='word_1_306' title='bbox 1109 4270 1141 4309; x_wconf 88' lang='lat' dir='ltr'><strong>se</strong></span> <span class='ocrx_word' id='word_1_307' title='bbox 1163 4249 1349 4322; x_wconf 86' lang='lat' dir='ltr'><strong>conferimus,</strong></span> 
     </span>
    </p>
   </div>
   <div class='ocr_carea' id='block_1_4' title="bbox 0 0 1617 4936">
    <p class='ocr_par' dir='ltr' id='par_1_5' title="bbox 0 0 1617 4936">
     <span class='ocr_line' id='line_1_38' title="bbox 0 0 1617 4936; baseline 0 0"><span class='ocrx_word' id='word_1_308' title='bbox 0 0 1617 4936; x_wconf 95' lang='lat' dir='ltr'><strong> </strong></span> 
     </span>
    </p>
   </div>
  </div>
 </body>
</html>
