3222 4936
705 449 912 515 ..7..·

263 625 370 704 gisque
392 629 478 685 aucta
507 629 538 684 et
559 623 738 702 amplificata
765 629 811 684 est
832 644 986 705 novaeque
1008 624 1243 684 constructiones
1265 624 1336 683 arti-

263 729 466 787 ficiosissimae
487 730 581 787 factae
604 734 681 787 sunt.
726 729 801 787 Nam
832 749 897 787 cum
926 727 1127 800 accusativus,
1157 731 1262 787 natura
1283 746 1335 785 sua

262 832 429 906 destitutus,
452 831 585 890 adverbii
608 831 737 890 vicarius
759 832 854 890 factus
876 835 961 902 esset,
984 851 1054 889 mox
1075 828 1204 904 genuina
1226 829 1336 889 obiecti

262 936 356 993 forma
378 934 510 1008 neglecta
533 941 564 992 et
585 939 696 994 remota
719 938 765 993 est
786 933 909 1012 eiusque
935 934 999 992 loco
1021 932 1097 991 aliae
1119 932 1261 992 formulae
1282 932 1335 989 ad-

263 1036 408 1094 verbiales
428 1035 542 1112 positas
564 1042 642 1109 sunt,
663 1038 748 1096 velut
763 1034 819 1112 ἔχω
839 1028 877 1094 δι’
900 1033 1000 1096 οῖ’κτοο
1016 1028 1090 1094 τινά.
1134 1036 1250 1095 Pendet
1266 1023 1335 1093 troci

236 1169 237 1173 ,
265 1157 302 1196 ex
318 1134 372 1212 ἔχω
393 1131 429 1197 δι’
449 1136 563 1210 οἴκτου,
587 1139 671 1217 quasi
686 1142 840 1199 antecedat
856 1137 979 1211 οῖκτίζω,
1003 1159 1079 1217 qnae
1093 1137 1214 1198 licentia
1236 1137 1332 1196 denuo

154 1265 163 1274 ·
264 1238 441 1315 amplificata
464 1246 525 1313 est,
558 1249 592 1300 ut
620 1244 686 1318 ipsa
716 1243 807 1305 verba
828 1241 1019 1301 intransitiva
1043 1241 1143 1300 addito
1166 1238 1266 1300 dativo
1288 1237 1334 1296 in-

262 1343 449 1401 strumentali
479 1343 636 1402 transitiva
667 1345 773 1403 fierent
804 1351 835 1402 et
866 1344 1012 1403 obiectum
1043 1342 1219 1420 acciperent
1262 1341 1332 1399 Eur.

264 1445 317 1504 Ph.
337 1446 417 1504 1578
442 1439 647 1522 θεραπεύμοσι
669 1449 793 1523 μοχθεῖν
815 1438 903 1506 πόδα.
925 1447 1093 1505 -Eodem
1113 1447 1201 1504 modo
1222 1444 1332 1503 multae

259 1548 328 1606 illae
351 1548 583 1608 constructiones
605 1549 808 1625 expediendae
830 1553 913 1621 sunt,
935 1549 967 1606 in
990 1549 1098 1628 quibus
1120 1549 1195 1608 alter
1215 1567 1334 1607 accusa·

260 1650 340 1708 tivus
362 1670 421 1710 non
444 1652 643 1727 praedicatum
666 1651 789 1710 alterius
811 1651 960 1711 continet:
986 1643 1089 1730 ἀγαθοὶ
1112 1652 1226 1722 ποιεῖν,
1249 1641 1331 1708 dedei-

259 1769 348 1825 σκειν,
371 1743 554 1831 ἀποστερεῖν,
580 1744 776 1827 deprecativae
797 1747 862 1813 sessi
885 1775 913 1812 τι
935 1775 978 1833 sq.
1021 1755 1194 1830 Respondet
1214 1771 1332 1810 accusa-

258 1853 340 1913 tivus
361 1855 404 1914 rei
427 1856 591 1915 adverbiali
612 1856 672 1929 illi,
695 1856 778 1916 cuius
800 1858 885 1916 modo
907 1855 1087 1916 mentionem
1109 1854 1279 1929 habuimus,
1301 1859 1332 1912 et

260 1979 325 2017 cum
348 1959 497 2018 sententia
518 1959 637 2035 passiva
660 1964 718 2032 est,
742 1979 808 2018 eum
832 1980 949 2040 quoque
971 1960 1091 2032 servari,
1115 1979 1175 2018 non
1197 1955 1331 2016 nomina-

260 2061 323 2119 tivo
344 2061 452 2119 mutari
474 2061 545 2120 satis
563 2067 686 2122 constat.
731 2062 920 2140 Quantopere
942 2066 978 2122 ab
1001 2063 1047 2122 his
1062 2059 1331 2122 constructionibus
1377 2111 1381 2122 .

261 2163 328 2221 illae
344 2164 463 2236 distent,
477 2164 510 2221 in
525 2165 632 2242 quibus
648 2165 722 2224 alter
737 2167 922 2226 accusativus
936 2166 1154 2243 praedicativus
1168 2168 1222 2238 est,
1237 2162 1331 2221 mani·

261 2268 365 2324 festum
377 2273 430 2324 est.
453 2266 594 2325 Continet
604 2267 682 2325 enim
694 2269 909 2343 appositionem
924 2269 1038 2328 obiecto
1050 2268 1194 2340 additam
1204 2270 1329 2343 uterque
1367 2256 1371 2264 ’

259 2369 350 2442 igitur
371 2387 453 2428 casus
476 2371 576 2428 eodem
600 2389 706 2444 genere
729 2377 759 2430 et
780 2391 902 2430 numero
925 2372 965 2430 sit
986 2390 1106 2430 neeesse
1122 2376 1168 2429 est
1186 2389 1241 2427 nec
1262 2386 1331 2438 non,

259 2491 323 2529 cum
338 2471 485 2532 sententia
499 2472 617 2549 passiva
632 2478 737 2545 exstat,
760 2479 887 2552 utroque
901 2475 964 2533 loco
987 2472 1187 2533 nominativus
1201 2469 1330 2547 ponitur.

341 2574 463 2650 Egimus
494 2576 590 2634 adhuc
612 2578 648 2634 de
678 2576 792 2636 obiecto
824 2579 981 2637 verborum
1011 2576 1242 2646 transitivorum,
1273 2571 1330 2645 cui,

257 2675 372 2735 etiamsi
407 2675 441 2734 in
473 2677 531 2735 alio
549 2698 699 2757 ‘sermone
734 2679 857 2738 liberius
890 2685 921 2739 et
952 2679 1137 2759 frequentius
1174 2695 1261 2756 quam
1296 2674 1331 2732 in

256 2778 314 2836 alio
346 2777 515 2852 adhibetur,
555 2782 656 2839 eadem
685 2783 760 2841 ratio
791 2782 902 2861 ubique
928 2785 1037 2841 subest.
1080 2783 1199 2853 Restat,
1229 2784 1264 2838 ut
1293 2779 1330 2836 ad

257 2901 320 2939 eam
353 2882 600 2940 constructionem
631 2886 817 2956 accedamus,
860 2904 935 2963 quae
966 2885 1085 2959 linguae
1114 2902 1234 2958 graecae
1261 2900 1329 2957 pro-

258 2982 324 3058 pria
345 3003 449 3042 nomen
475 3004 559 3042 suum
582 3005 620 3044 ex
647 3006 682 3044 ea
706 2987 839 3060 deduxit,
862 2988 927 3046 dico
953 2987 1151 3046 accusativum
1176 3005 1241 3044 cum
1261 3004 1328 3043 ver-

257 3085 303 3142 bis
324 3085 523 3145 intransitivis
540 3088 738 3162 coniunctum,
760 3089 812 3168 qui
833 3091 1036 3164 „accusativus
1054 3094 1190 3164 graecus‘
1207 3089 1329 3146 vocatus

256 3190 333 3266 apud
349 3189 458 3248 latinos
474 3209 592 3268 quoqne
607 3191 766 3268 scriptores
788 3213 820 3251 se
835 3193 1009 3253 insinuavit.
1054 3193 1144 3251 Guins
1162 3188 1327 3250 dotatione

258 3298 289 3349 et
309 3297 415 3350 nature
436 3311 542 3366 magna
564 3294 765 3353 controversia
785 3295 865 3354 inter
894 3296 975 3355 viros
998 3298 1098 3355 doctos
1126 3293 1185 3353 ruit
1205 3293 1327 3352 multae·

258 3414 324 3472 que,
350 3394 423 3452 satis
444 3394 513 3452 illae
536 3395 655 3473 quidem
678 3417 803 3472 sagaces,
827 3399 878 3456 sed
900 3400 1018 3457 eaedem
1043 3396 1235 3476 quaesitiores
1257 3414 1326 3454 con-

255 3496 386 3555 iecturae
407 3498 502 3555 factae
525 3506 608 3570 sunt,
640 3499 748 3577 quibus
770 3507 936 3560 structurae
957 3501 1039 3559 illius
1061 3499 1220 3558 difficultas
1242 3499 1326 3557 tolle·

254 3607 345 3658 retur.
389 3597 471 3661 Quae
500 3601 597 3659 studia
619 3603 777 3661 maximam
799 3610 913 3679 partem
943 3603 1037 3662 otiosa
1061 3609 1093 3661 et
1112 3601 1214 3661 inania
1234 3598 1326 3658 fuisse

256 3701 328 3758 mihi
350 3700 505 3773 videntnr3
540 3704 615 3761 bene
637 3704 715 3762 enim
739 3714 769 3764 et
790 3706 876 3764 facile
898 3705 1065 3782 proprietas
1085 3705 1138 3764 illa
1159 3702 1326 3779 expeditur,

255 3802 281 3860 si
302 3803 491 3879 Rumpelium
513 3806 681 3884 sequimur,
712 3808 764 3885 qui
793 3827 858 3866 meo
889 3807 1008 3886 quidem
1029 3806 1139 3866 iudicio
1161 3803 1325 3864 rectissime

255 3906 385 3978 monuit,
417 3907 509 3965 altere
531 3908 704 3967 definitione
727 3910 901 3983 accusativi,
934 3930 999 3968 cum
1022 3911 1112 3968 verbo
1134 3905 1324 3967 intransitive

255 4007 421 4079 coniuncti,
455 4029 528 4084 opus
557 4031 617 4069 non
648 4031 727 4084 esse,
760 4013 831 4091 quia
860 4019 965 4072 natura
986 4011 1151 4070 accusativo
1174 4008 1323 4069 obiectivo

254 4129 308 4185 par
330 4119 361 4168 et
381 4112 513 4191 aequalis
535 4116 696 4192 eodemque
714 4117 800 4174 modo
821 4117 1061 4193 interpretandus
1082 4114 1129 4173 sit.
1161 4115 1236 4173 Nam
1257 4132 1324 4173 cum

255 4213 380 4272 Graecos
402 4215 475 4274 duos
496 4217 679 4277 accusativos
701 4238 766 4276 cum
795 4239 854 4277 uno
877 4220 968 4277 verbo
991 4217 1168 4294 coniungere
1190 4214 1323 4293 potuisse
