3222 4936
698 548 747 622 ι-
790 513 831 580 ee
873 550 932 612 ··.

361 686 583 767 Nonnunquam
599 688 758 766 scriptores
781 686 960 748 substantivi
976 684 1178 747 accusativum
1199 705 1266 747 cum
1281 708 1347 748 ver·

199 815 202 822 ¹
277 787 323 847 bis
345 788 429 849 velat
451 785 539 866 έχειν,
562 794 728 865 ποιεῖσθαι,
762 790 903 849 τίθεσθαι
923 790 966 850 ite
988 789 1224 864 coniunxerunt,
1255 795 1290 850 ut
1314 813 1330 851 e

277 890 314 949 iis
344 890 427 951 notio
450 913 529 955 nova
551 895 703 968 evaderet,
738 912 813 973 quae
835 893 1013 953 substantivi
1044 893 1104 953 vim
1126 893 1276 952 verbalem
1306 893 1350 952 ita

277 985 427 1070 promeret
462 1001 494 1055 'et
527 1002 663 1071 urgeret,
698 1003 734 1055 ut
764 997 841 1056 alter
876 1016 936 1057 aco.
976 1017 1014 1055 ex
1047 1015 1082 1055 ea
1115 996 1244 1074 pendere
1281 1016 1349 1072 pos·

278 1101 332 1156 set.
377 1095 472 1160 Onam
495 1098 613 1158 dicendi
635 1099 781 1159 rationem
803 1099 863 1158 iam
885 1120 913 1177 p.
938 1104 976 1158 62
1001 1099 1294 1160 commemoravimus
1307 1099 1346 1176 ¹).

276 1200 317 1259 H.
339 1200 360 1259 f.
385 1198 445 1259 707
470 1193 490 1258 t?
510 1202 584 1279 χρῆν
606 1218 637 1260 σε
667 1200 790 1280 μετρίως
821 1194 956 1277 σπονδὴν
985 1197 1060 1277 ἔχειν
1089 1200 1167 1260 idem
1189 1200 1236 1261 est
1258 1207 1348 1282 atque

276 1292 463 1374 σπουδάζειν.
502 1303 553 1364 Or.
573 1307 651 1363 1121
677 1297 768 1382 γόους
790 1297 865 1383 πρός
887 1295 982 1379 αὐτὴν
1004 1295 1173 1378 θησόμεσθ’
1196 1297 1216 1361 δ
1239 1297 1348 1380 πόσχο-

249 1397 252 1404 ‘
277 1424 330 1481 μεν
352 1407 382 1465 λι
399 1426 423 1465 e.
447 1398 645 1484 γοησόμοσθα.
693 1407 770 1466 1037
794 1401 925 1485 ὕβρισμα
947 1401 1075 1480 θέμενος
1096 1398 1148 1463 τόν
1168 1397 1348 1483 Ἀγαμέμνο-

274 1527 325 1578 νος
346 1501 437 1587 γόνον
458 1499 537 1568 λαο.
560 1498 692 1586 όβρλζιον.
716 1510 836 1569 -Ion
862 1514 922 1568 584
954 1509 1042 1566 τοῦτο
1072 1498 1145 1581 πόμ’
1168 1503 1224 1585 έχει
1247 1500 1346 1577 πόθος
1440 1494 1444 1502 ’

274 1611 294 1673 i.
310 1631 339 1691 q.
358 1612 457 1670 ποθοῖ.
481 1645 525 1662 -,
545 1611 618 1671 Her.
635 1616 695 1670 664
719 1609 747 1668 ri
763 1605 821 1690 γόρ
839 1603 915 1687 βοήν
937 1606 1076 1685 έστησας;
1099 1605 1131 1667 σέ
1147 1611 1178 1669 h.
1194 1631 1219 1670 e.
1235 1603 1347 1687 έβόησά

274 1728 323 1786 σε,
347 1733 435 1793 quam
457 1713 615 1774 Matthiaei
637 1714 915 1791 interpretationem
939 1713 1080 1791 optimam
1104 1712 1258 1788 Pilnglrias
1280 1718 1347 1773 ten·

275 1821 339 1876 tare
362 1818 461 1876 studet
476 1817 629 1894 exemplis,
654 1817 833 1898 quae,·quid
854 1817 911 1876 sibi
934 1815 1038 1888 velint,
1061 1835 1121 1874 non
1143 1815 1289 1890 intelligo.
1304 1850 1346 1860 -

275 1919 326 1978 Ba.
355 1918 432 1978 1277
456 1911 488 1978 ιδ
513 1916 615 1996 μέλλον
644 1917 752 1997 καρδία
779 1912 892 1995 πήδημ’
926 1914 990 1995 έχει.
1035 1917 1133 1977 Verbo
1157 1915 1255 1993 πηδᾶν
1276 1916 1346 1980 Ari·

276 2022 373 2099 stoph.
397 2022 476 2082 Nub.
498 2025 578 2080 1392
596 2022 631 2081 de
649 2023 745 2081 cordis
759 2022 955 2100 palpitatione
968 2020 1072 2094 utitur,
1095 2026 1126 2080 et
1140 2022 1243 2080 eodem
1260 2021 1345 2080 modo

274 2124 325 2184 hio
346 2115 457 2200 πήδημ’
480 2120 535 2201 έχει
559 2125 669 2184 dictum
693 2129 746 2196 est,
769 2145 785 2182 e
808 2145 867 2205 qno
890 2117 924 2184 τό
947 2120 1049 2199 μέλλον
1071 2123 1195 2200 pendet:
1218 2129 1346 2183 tremere

274 2226 353 2307 elqd.
376 2260 418 2270 —-
440 2227 593 2286 Eiusmodi
616 2226 734 2302 generis
764 2232 809 2286 est
838 2226 889 2286 Or.
917 2231 995 2286 1316
1018 2218 1116 2302 φόβος
1146 2223 1197 2302 μοί
1218 2247 1262 2296 τις
1290 2222 1346 2284 εἰσ-

274 2320 394 2406 ελήλυθ’
415 2321 508 2405 ἥντιν’
535 2326 567 2388 έν
590 2323 693 2405 δόμοις
721 2321 801 2387 aldo
825 2322 916 2405 βοήν,
948 2331 1063 2406 spectat
1084 2328 1164 2387 enim
1186 2347 1245 2389 aco.
1269 2321 1346 2406 βοήν

274 2433 311 2491 ad
333 2423 433 2510 φόβον
455 2428 511 2508 έχω
532 2431 582 2492 vel
601 2429 774 2508 φοβοῦμαι,
808 2432 887 2511 quod
907 2432 940 2489 in
963 2423 1035 2506 φόβ.
1060 2451 1089 2505 μ.
1114 2424 1233 2507 ελσελήλ.
1255 2431 1344 2492 inest.

272 2570 314 2579 -
339 2536 390 2596 Or.
416 2538 497 2594 1069
518 2531 552 2592 ἓν
574 2528 626 2610 μέν
648 2528 753 2612 πρῶτοί
774 2551 821 2594 σοι
842 2527 967 2610 μομφήν
989 2529 1053 2610 έχον.

356 2638 422 2697 Iam
443 2637 480 2696 ad
503 2637 699 2717 quaesitiores
718 2638 860 2718 quasdam
883 2637 1028 2696 dictiones
1050 2656 1104 2696 nos
1127 2641 1343 2709 convertamus,

252 2740 302 2815 ¹in
326 2741 433 2820 quibus
455 2741 532 2800 alter
552 2759 611 2800 aoc.
635 2761 702 2800 oum
728 2742 820 2802 verbo
843 2739 1076 2818 praedicativam
1099 2738 1251 2798 notionem
1273 2757 1344 2798 oon·

270 2842 362 2916 tinet,
401 2862 417 2901 e
451 2861 509 2922 qua
544 2844 671 2903 alterum
703 2845 861 2904 obiectum·
886 2843 1005 2921 pendet.
1059 2841 1212 2920 Optimum
1244 2846 1343 2901 autem

271 2945 448 3024 exemplum,
472 2964 559 3026 qaam
581 2948 707 3006 audaces
729 2952 834 3025 poetae
855 2947 889 3005 in
911 2944 1077 3005 statuendis
1091 2943 1250 3022 phrasibus
1272 2945 1340 3003 tali-

270 3051 326 3108 bus
347 3048 514 3109 transitivis
540 3049 662 3123 fuerint,
693 3055 739 3109 est
760 3051 833 3109 Hec.
859 3050 917 3108 795
943 3050 1000 3106 ποῖ
1018 3041 1048 3122 μ’
1073 3038 1227 3125 όπεξόγεις
1247 3040 1342 3121 πόδας

164 3193 166 3198 -
272 3153 356 3218 Quae
385 3153 478 3213 verba
500 3153 651 3212 Porsonus
681 3152 725 3211 ita
755 3152 884 3226 intelligi
915 3151 1027 3222 voluit,
1061 3154 1095 3209 ut
1124 3154 1224 3209 essent
1245 3151 1344 3226 σχῆμα

269 3247 344 3312 καθ’
370 3247 441 3313 ὅλον
463 3251 513 3313 ιιαλ
536 3247 611 3312 sosoi
633 3251 736 3331 μέρος,
771 3273 828 3334 quo
851 3274 950 3314 meum
974 3254 1079 3330 pedem
1102 3253 1241 3312 subducis
1262 3255 1293 3314 h.
1316 3274 1342 3315 o.

271 3375 329 3437 quo
351 3377 398 3417 me
421 3356 501 3430 cogis
517 3361 548 3417 te
568 3359 662 3438 sequi.
707 3355 802 3420 Onam
825 3356 1057 3434 explicationem
1071 3356 1262 3415 Hermannus
1284 3355 1342 3415 rei-

271 3460 321 3534 cit,
346 3459 431 3539 quia,
454 3461 505 3518 ubi
527 3460 623 3534 ligura
643 3461 697 3520 illa
714 3460 898 3533 adhibeatur,
921 3479 1006 3539 pars,
1028 3478 1089 3518 non
1110 3462 1206 3518 totum
1229 3459 1341 3519 maiore
1417 3475 1419 3482 ·

269 3562 301 3620 vi
332 3567 362 3621 at
383 3563 517 3639 pondere
538 3570 715 3642 exornetur,
748 3564 827 3643 quod
855 3563 921 3622 loco
944 3557 1088 3622 absonum
1110 3561 1165 3635 sit,
1199 3580 1265 3620 cum
1289 3562 1341 3640 qni

270 3664 399 3744 aliquem
423 3666 543 3740 educat,
577 3668 681 3744 pe'dem
714 3685 832 3748 qnoque
863 3666 969 3725 educat
990 3684 1111 3724 necesse
1142 3663 1190 3723 sit.
1233 3663 1341 3744 Itaque

269 3759 389 3846 όπεξόγ.
419 3761 499 3826 πόδα
522 3770 729 3845 coniungenda
759 3775 843 3843 sunt,
876 3788 1002 3849 quorum
1032 3767 1181 3826 obiectam
1213 3772 1259 3827 est
1289 3761 1341 3841 μέ.·

269 3890 328 3951 quo
350 3891 397 3929 mo
419 3871 506 3945 fugis,
533 3873 611 3952 quod
634 3873 745 3951 optime
767 3873 799 3931 in
823 3871 1000 3931 sententiam
1023 3869 1164 3949 quadrat,
1187 3889 1255 3929 oum
1277 3870 1338 3928 He·

269 3976 344 4034 cuba
367 3978 619 4048 Agamemnonem
641 3974 819 4053 implorans,
851 3979 885 4039 ut
912 3973 1057 4050 auxilium
1088 3972 1143 4032 sibi
1174 3974 1268 4032 ferret
1288 3972 1340 4030 ad-

338 4212 363 4278 l)
381 4212 485 4274 Scripsit
510 4213 540 4260 de
566 4213 604 4260 his
630 4213 704 4260 rebus
722 4213 883 4276 Travinsky:
911 4213 951 4262 De
968 4212 1117 4274 tragicorum
1141 4226 1188 4260 usu
1205 4210 1339 4258 accusativi

268 4315 282 4349 e
299 4299 430 4363 phrasibus
447 4297 506 4360 apti.
542 4297 626 4346 Berlin
647 4299 719 4349 1866.
