3222 4936
712 465 924 531 „82-

284 637 402 704 λιποῦσ’
427 633 579 701 ἆστοὶκτοιν
594 631 690 719 μα’τηρ
712 631 830 698 ὖδοίτοιν
852 632 905 699 τᾶν
923 635 1097 722 Παρνάσιον
1118 635 1264 721 κορυφάν.
1308 644 1354 702 Dc

284 743 432 806 sententia
458 743 618 805 dubitatur.
663 743 853 803 Hermannns
876 744 1071 805 Matthiaeum
1098 750 1216 806 secutus
1238 737 1354 805 οἷστακτ.

285 839 331 907 dd.
355 868 420 908 cnm
442 849 499 924 λοχ.
522 849 608 907 κλειν.
627 844 788 922 coniungit,
811 848 847 906 de
861 847 959 925 Inopo
981 848 1075 909 fluvio
1091 848 1232 925 cogitans,
1254 854 1356 909 contra

284 949 458 1025 Seidlmum,
481 950 532 1030 qui
556 941 601 1008 oio.
625 939 672 1008 dd.
696 951 733 1008 ad
755 949 851 1026 Παρν.
875 969 938 1028 κορ,
962 951 1063 1012 trahit.
1085 985 1127 996 -
1148 951 1285 1011 Liberius
1306 951 1356 1012 hio

284 1053 425 1114 acolaci
447 1052 600 1112 adhibitus
631 1057 676 1111 est
697 1051 771 1112 Rha.
795 1052 857 1112 474
881 1048 935 1111 rire
957 1046 1054 1112 λαιὸν,
1071 1051 1126 1113 εἴτε
1148 1047 1246 1126 δεξιόν
1268 1050 1356 1132 κέρας

286 1147 409 1234 πάρεστέ
430 1171 479 1214 σοι
501 1150 608 1231 πέλτην
631 1150 740 1233 ἐρεῖσαι
762 1150 812 1213 καὶ
834 1157 1013 1232 καταστῆσαι
1035 1150 1169 1235 στρατόν.

369 1259 433 1318 lam
462 1257 643 1318 mentionem
674 1257 829 1316 habuerim
856 1257 968 1334 figurae
997 1259 1096 1332 illins,
1134 1279 1209 1339 quae
1235 1263 1357 1321 vocatur

285 1361 409 1437 σχῆμα
429 1352 517 1418 καθ’
545 1351 634 1419 ὅλον
665 1352 849 1418 rainucci
880 1356 1010 1438 μέρος,
1041 1361 1124 1421 ouius
1146 1361 1222 1423 ratio
1245 1383 1280 1422 ea
1303 1369 1356 1437 est,

285 1468 320 1522 ut
340 1465 376 1522 od
399 1465 523 1522 verbum
545 1462 668 1544 eiusque
690 1461 837 1522 obiectum
860 1464 935 1524 alter
963 1484 1022 1524 ace.
1045 1465 1172 1538 accedat,
1202 1463 1254 1544 qui
1275 1465 1357 1524 illius

284 1564 393 1625 obiecti
415 1572 537 1642 partem,
565 1564 649 1626 verbi
671 1563 787 1625 actione
810 1566 968 1642 praecipuo
989 1567 1134 1641 affectem,
1156 1567 1306 1628 contineat
1327 1575 1358 1628 et

285 1673 399 1743 urgeat.
443 1665 525 1732 Quae
554 1667 649 1744 figora
680 1687 698 1727 a
728 1667 824 1744 poetis
854 1688 941 1745 saepo
972 1675 1132 1746 usurpatur
1162 1675 1192 1730 ct
1213 1670 1358 1747 imprimis

286 1770 412 1830 Homeri
432 1771 554 1850 propria
575 1775 634 1844 est,
656 1770 739 1830 cuins
762 1770 880 1831 dicendi
901 1771 1031 1831 ubertati
1053 1773 1207 1849 aptissima
1227 1773 1294 1834 fuit.

373 1874 448 1934 Heo.
471 1877 533 1932 430
556 1868 588 1949 μ’
614 1866 760 1949 οἲμφιθελς
789 1866 869 1952 κοὶρα
891 1869 1021 1944 πέπλοις.
1067 1875 1106 1933 Η.
1129 1876 1150 1935 f.
1177 1880 1237 1935 848
1261 1873 1304 1946 εἰς
1324 1868 1357 1935 ro*

288 1976 400 2056 λῷστον
431 1972 578 2053 ἐμβιβάζω
609 1967 635 2034 o'
664 1973 752 2053 ἴχνος.
803 1976 878 2037 Rho.
903 1976 962 2036 773
993 1974 1107 2047 ἵππους
1140 1967 1219 2038 εἶδον
1249 1972 1358 2048 λύκους

288 2075 456 2156 έμβεβώτας
479 2075 600 2157 ἑδραῖον
623 2072 707 2157 ῥάχιν
728 2078 748 2137 i.
770 2098 795 2138 e.
818 2078 883 2138 vidi
904 2080 990 2157 lupos
1015 2080 1046 2138 in
1069 2100 1210 2160 equorum
1241 2083 1359 2142 dorsum

287 2201 318 2240 so
341 2181 579 2258 praecipitantes.
622 2182 667 2241 El.
692 2187 772 2242 1140
796 2174 923 2260 φρούρει
946 2179 979 2241 de'
1001 2203 1061 2259 μοι,
1086 2177 1126 2259 μή
1149 2176 1176 2241 o'
1203 2177 1357 2266 αἰθαλώσῃ

287 2276 480 2343 πολύκαπνον
512 2280 613 2365 στέγος
642 2280 781 2354 πέπλους.
833 2285 925 2344 Phoe.
947 2289 988 2343 42
1020 2283 1114 2344 πῶλοί
1143 2306 1190 2345 νιν
1223 2283 1359 2356 τένοντας

289 2383 500 2461 έξεφολνισσον.
546 2386 613 2466 Gye.
630 2391 691 2445 666
715 2374 796 2456 οὗτλς
818 2405 853 2463 με
874 2389 983 2461 τυφλοῖ
1002 2382 1161 2465 βλέφαρον.
1205 2389 1278 2450 Her.
1301 2389 1357 2449 172

289 2487 318 2549 ελ
344 2512 372 2549 τι
402 2482 489 2549 τοῦτό
519 2505 551 2548 σε
580 2483 681 2566 ψυχήν
711 2486 834 2569 ἐπαίρει.
864 2523 907 2533 -
935 2489 1059 2567 Saepius
1090 2486 1202 2570 φρένας
1232 2491 1359 2552 additur.

287 2593 361 2671 Hip.
385 2598 446 2653 238
469 2585 550 2662 ὅστις
580 2609 611 2651 σε
634 2585 817 2672 παρακόπτει
843 2587 961 2669 φρένας.
1005 2591 1075 2665 573,
1105 2595 1199 2655 Andr.
1223 2599 1292 2656 410.
1316 2629 1357 2638 -

288 2697 341 2757 Bis
361 2697 434 2756 hoec
456 2695 550 2772 λὶςιιτο
573 2699 672 2756 exstat
699 2697 724 2756 I.
747 2698 782 2754 A.
809 2694 889 2754 1078
920 2691 952 2752 σέ
978 2687 1005 2752 d'
1032 2691 1079 2754 ἐπὶ
1109 2689 1187 2775 κάρα
1216 2692 1359 2772 στέψουσι

290 2791 472 2874 καλλικόμαν
495 2791 653 2874 πλόκαμον.
697 2797 795 2857 Partis
818 2797 897 2857 enim
919 2781 1087 2874 udpn'pars
1109 2803 1155 2858 ost
1176 2801 1260 2860 πλοκ.

373 2900 552 2961 Huiusmodi
575 2920 693 2980 qnoque
714 2900 832 2976 generis
854 2900 1015 2960 mensativi
1046 2907 1116 2963 sunt
1143 2922 1167 2962 e.
1191 2923 1267 2979 pass.
1290 2923 1359 2962 con·

288 3005 392 3078 iuneti,
414 3024 488 3084 quos
510 3025 539 3082 p.
559 3009 596 3065 61
623 3002 785 3064 attulimus.

373 3110 437 3168 Iam
466 3109 504 3168 ad
525 3106 690 3186 simplicem
712 3106 912 3167 accusativum
938 3107 1022 3167 illum
1044 3109 1212 3182 redeamus,
1247 3107 1296 3168 cui
1317 3108 1360 3169 La

288 3212 390 3272 Itoche
412 3211 466 3271 l.L
489 3232 517 3289 p.
533 3216 595 3272 250
619 3230 728 3271 nomen
749 3209 1019 3286 „accusativus
1053 3210 1358 3288 epexegeticus“

289 3314 401 3392 optima
421 3313 572 3391 imposuit.
615 3312 684 3386 Qui,
708 3333 884 3393 quamquam
899 3313 949 3372 hic
972 3313 1070 3373 omitti
1084 3319 1190 3391 potest,
1213 3333 1278 3374 oum
1300 3334 1360 3375 non

289 3421 348 3477 tam
371 3436 455 3476 casus
477 3437 565 3497 quam
587 3417 730 3478 sermonis
752 3415 965 3494 proprietatem
987 3415 1141 3490 exhibeat,
1170 3416 1222 3495 qui
1243 3423 1361 3477 senten-

289 3519 349 3579 tiae
371 3519 588 3596 appositionem
617 3519 726 3580 adiecit
753 3517 937 3580 nominativo
967 3523 1019 3578 aut
1046 3518 1230 3592 accusativo,
1261 3525 1359 3580 tamen

290 3621 360 3700 quia
381 3627 471 3700 poeta
499 3626 599 3682 noster
628 3622 778 3683 liberrime
800 3621 966 3682 accusativo
995 3622 1050 3683 hae
1072 3620 1188 3683 ratione
1214 3642 1284 3683 usus
1307 3628 1360 3697 est,

290 3723 436 3802 exemplis
466 3725 641 3807 quibusdam
671 3744 737 3784 eum
767 3724 988 3785 illustraverim.
1039 3725 1235 3786 Accusativus
1264 3732 1363 3786 autom

289 3827 323 3890 in
344 3827 400 3888 hoo
429 3849 484 3890 usn
506 3827 674 3906 appositive
696 3827 880 3889 nominativo
908 3829 1001 3888 multo
1024 3827 1170 3906 eopiosior
1198 3834 1258 3905 est,
1292 3829 1363 3909 qnia

290 3951 351 3992 non
374 3932 468 3993 solum
489 3932 660 4006 adhibetur,
689 3952 754 3993 oum
776 3931 917 3992 iudicium
939 3933 976 3991 de
998 3931 1160 4005 sententia,
1183 3951 1259 4012 qnae
1279 3937 1362 3992 ento·

291 4036 385 4109 cedit,
415 4038 509 4098 fertur
531 4043 562 4097 at
582 4038 620 4096 ad
641 4035 841 4097 accusativum
863 4034 969 4096 referri
991 4039 1103 4112 potest,
1127 4036 1178 4093 sad
1200 4035 1289 4097 otiam
1310 4055 1361 4094 ex-

291 4147 358 4215 stat,
381 4140 518 4200 effectum
539 4141 694 4221 quandam,
718 4138 769 4219 qui
792 4161 807 4198 e
830 4138 978 4199 sententia
999 4137 1052 4198 illa
1066 4138 1270 4215 proficiscitur,
1293 4155 1361 4196 oon-

291 4243 400 4318 tinens‚
422 4241 475 4302 nbi
496 4243 712 4304 nominativum
734 4243 889 4302 dicendum
911 4241 1002 4302 fuisse
1023 4242 1168 4302 crederes.
