3222 4936
709 453 899 520 ..5ss

277 631 456 703 contineret,
480 632 559 711 quod
582 632 819 709 supplementum
839 633 1006 692 accusativo
1031 631 1140 690 obiecti
1163 629 1248 691 offeri
1270 629 1346 690 vidi·

276 755 350 808 mus,
373 735 405 792 in
429 734 576 793 artissima
598 734 651 792 illa
673 754 739 793 cum
760 737 853 795 verbo
870 735 1088 807 coniunctione,
1112 754 1187 814 quae
1201 732 1345 792 interiore

275 837 395 902 vinculo
419 842 514 912 caret,
544 838 704 898 accusativi
736 843 843 898 natura
871 839 1009 916 ponenda
1039 842 1094 899 est.
1139 837 1182 896 (lt
1206 835 1346 894 Hiibsah·

276 958 375 998 manu.
418 941 477 998 Zur
498 939 689 1013 Casuslelrre,
721 943 872 1000 Miinchen
903 941 984 1000 1874
1013 961 1042 1018 p.
1074 944 1143 998 133.
1195 939 1236 997 Es
1262 937 1344 1011 giebt

277 1043 339 1106 aleo
362 1042 414 1100 der
435 1061 494 1101 acc.
519 1042 570 1100 das
595 1043 682 1101 Wort
702 1044 735 1102 in
758 1044 856 1103 seiner
877 1043 1036 1117 allgemein
1058 1041 1263 1116 abhdngigen,
1292 1041 1342 1099 ob·

276 1144 378 1223 liquen
399 1144 536 1218 Stellung
566 1145 607 1202 im
630 1146 715 1218 Sata,
745 1146 839 1205 durch
869 1147 916 1204 die
946 1165 977 1204 es
1006 1163 1082 1219 gana
1113 1143 1269 1218 allgemein
1299 1142 1343 1202 als

275 1265 343 1304 aum
364 1247 522 1306 Praedicat
544 1248 669 1322 gehdrig
691 1228 867 1308 bezeichnet
881 1249 964 1310 wird.
997 1248 1082 1312 (laod
1098 1246 1244 1325 quomodo
1266 1245 1343 1304 acci-

274 1348 414 1425 piendum
438 1350 485 1422 sit,
509 1351 686 1427 comparatis
700 1351 872 1410 accusativo
895 1358 925 1410 et
947 1351 1048 1411 dativo
1073 1371 1111 1409 ex
1126 1350 1229 1408 eodem
1250 1349 1342 1408 verbo

274 1451 352 1527 aptis
374 1453 602 1516 demonstratur.
645 1456 682 1513 In
705 1454 869 1514 sententia:
891 1454 941 1513 ioh
963 1455 1029 1512 rufe
1051 1453 1099 1511 die
1121 1454 1235 1510 Mutter
1257 1467 1342 1509 accu-

274 1553 387 1614 sativus
416 1555 493 1614 nihil
516 1557 649 1615 continet
671 1556 729 1616 nisi
761 1557 925 1630 obiectum,
956 1557 1035 1635 quod
1058 1560 1195 1628 vocatur,
1221 1572 1288 1612 oum
1308 1552 1340 1610 in

272 1655 388 1716 dativo:
410 1657 461 1716 ich
479 1660 545 1718 rufe
565 1660 618 1718 der
632 1660 745 1718 Mutter
760 1659 881 1719 uberior
901 1659 1045 1738 quaedam
1058 1657 1140 1716 notio
1159 1655 1242 1729 insit,
1265 1673 1341 1734 quae

272 1760 497 1838 quodammodo,
520 1781 573 1821 cur
594 1767 718 1821 matrem
740 1782 853 1835 vocem,
885 1762 1028 1820 continet.
1071 1762 1177 1839 Itaque
1199 1757 1341 1832 cogitatio

270 1866 300 1919 at
320 1860 463 1922 iudicium
482 1864 602 1944 aliquod
621 1867 656 1923 ad
676 1866 808 1925 dativum
824 1864 1052 1937 intelligendum
1072 1863 1238 1934 adhibetur,
1262 1860 1341 1940 quod

269 1965 439 2025 accusativo
472 1968 569 2042 posito
604 1987 676 2045 opus
707 1987 767 2025 non
800 1973 853 2028 est.
896 1968 962 2025 Jam
994 1984 1061 2024 cum
1089 1965 1120 2022 in
1150 1983 1210 2023 una
1237 1963 1341 2037 lingua

270 2066 363 2124 multa
392 2070 484 2128 verba
507 2075 588 2128 certa
616 2069 683 2144 lege
711 2091 771 2129 non
802 2071 1027 2141 contineantur,
1051 2068 1102 2126 sed
1130 2073 1160 2126 ot
1182 2065 1340 2125 transitiva

271 2174 302 2225 et
323 2170 531 2232 instransitiva
552 2173 675 2231 notione
696 2172 790 2232 imbui
812 2173 938 2249 possint,
960 2171 1034 2230 illud
1056 2170 1157 2229 mirari
1178 2169 1338 2241 nonlicet,

272 2271 349 2346 quod
371 2270 403 2329 in
425 2272 491 2332 aliis
505 2274 616 2349 linguis
638 2277 730 2336 verba
748 2276 879 2333 eiusdem
896 2273 1124 2349 significationis
1142 2292 1198 2332 usu
1216 2272 1295 2330 inter
1308 2289 1339 2328 se

271 2391 330 2429 non
353 2375 543 2436 conveniunt.
583 2379 701 2437 Etenim
723 2379 753 2436 in
776 2397 882 2451 graeco
905 2396 1039 2437 sermone
1060 2393 1167 2449 magna
1181 2376 1338 2434 verborum
1421 2457 1424 2464 1

271 2475 356 2551 copia
378 2480 499 2554 occurit,
524 2500 599 2560 quae
615 2486 718 2540 contra
740 2480 865 2539 latinum
887 2481 935 2540 vel
958 2485 1092 2540 nostrum
1114 2476 1231 2536 dicendi
1253 2497 1338 2536 usum

268 2579 425 2640 transitive
447 2583 634 2657 adhibentur,
657 2589 687 2643 et
707 2583 853 2660 imprimis
875 2587 980 2660 poetae
1000 2582 1092 2640 multa
1106 2582 1199 2641 verba
1217 2579 1338 2638 notione

269 2683 428 2744 transitiva
451 2692 685 2759 exornaverunt,
710 2705 785 2764 quae
808 2687 885 2762 apud
909 2706 963 2744 nos
985 2685 1069 2743 etin
1092 2684 1225 2761 pedestri
1246 2682 1336 2743 Grae-

268 2801 369 2843 corum
392 2806 527 2846 sermone
550 2809 609 2846 non
632 2789 780 2863 leguntur,
803 2789 862 2846 nisi
877 2788 1077 2859 intransitive,
1091 2787 1175 2846 volut
1196 2777 1337 2863 dxdopas,

266 2883 376 2963 χαίρειν
397 2889 455 2948 alia
462 2935 470 2962 ,
508 2910 584 2970 quae
613 2891 786 2970 plerumque
817 2911 882 2950 cum
914 2891 1014 2950 dativo
1044 2889 1093 2948 uel
1115 2888 1335 2967 praepositione

268 2989 425 3049 coniuncte
456 2993 533 3069 apud
562 2999 666 3070 poetae
692 2993 893 3052 accusativum
924 3013 1023 3052 secum
1059 2993 1170 3051 habore
1200 2997 1334 3070 possunt.

267 3089 303 3149 Π.
329 3096 440 3152 lassa
464 3087 573 3170 ἤχθετο
601 3093 815 3170 δαμναμένους.
862 3099 932 3156 Eur.
957 3095 1048 3173 Hipp.
1077 3099 1155 3153 1330
1187 3086 1258 3162 τούς
1287 3085 1334 3152 cd-

265 3190 361 3267 σεβεῑς
381 3195 513 3274 χαίρουσι
535 3196 611 3256 θεοί.
646 3198 761 3263 Quibus
782 3201 814 3259 in
836 3198 993 3259 sententiis
1013 3197 1198 3258 accusativus
1220 3217 1335 3257 merum

268 3294 416 3356 obiectum
439 3300 573 3358 continet
596 3300 782 3380 Graecosque
803 3303 897 3374 idem,
926 3301 1004 3380 quod
1027 3320 1081 3358 nos
1103 3300 1160 3358 nisi
1183 3301 1334 3378 praeposi-

265 3397 348 3457 tione
370 3401 506 3462 adhibita
528 3404 668 3482 consequi
692 3424 752 3463 non
771 3425 937 3482 possumus,
959 3403 1022 3462 solo
1044 3403 1212 3465 accusativo
1234 3403 1334 3464 dicere

266 3503 397 3576 potuisse
418 3511 551 3583 apparet.
596 3506 694 3566 Aliter
724 3511 822 3566 autem
845 3527 894 3566 eos
917 3527 980 3566 rem
1001 3505 1187 3565 intellexisse
1209 3527 1247 3566 ne
1270 3527 1332 3567 cra-

266 3602 390 3678 dideris,
419 3607 509 3666 immo
540 3609 618 3668 idem
650 3610 813 3669 sentientes
842 3629 1007 3669 sermonem
1029 3608 1117 3668 aliter
1138 3609 1333 3669 instituerunt

265 3704 381 3786 aliaque
411 3710 541 3769 dictione
571 3712 616 3770 usi
650 3719 728 3772 sunt.
773 3711 938 3772 Verborum
966 3711 1086 3770 illorum
1117 3713 1240 3772 eandem
1262 3732 1332 3772 con-

264 3810 473 3882 structionem,
506 3833 582 3894 quae
605 3814 691 3873 nobis
713 3834 834 3891 prorsus
856 3817 968 3874 absona
990 3834 1054 3873 esee
1085 3815 1221 3887 videtur,
1252 3834 1291 3874 ne
1313 3836 1332 3875 a

263 3909 367 3986 lingua
389 3915 507 3993 quidem
534 3917 693 3977 vernacula
723 3917 852 3975 alienam
880 3917 973 3976 fuisse
1003 3918 1140 3993 exempla
1162 3920 1331 3992 ostendunt,

265 4032 341 4092 quae
356 4017 562 4094 Rumpeliuse
585 4020 779 4095 scriptoribus
802 4019 1004 4099 antiquiorum
1026 4026 1193 4097 temporum
1214 4021 1330 4082 attulit:

253 4113 313 4176 'ioh
334 4138 400 4178 mac
431 4120 488 4181 wol
519 4120 628 4194 klagen
650 4121 711 4181 min
735 4124 862 4181 schoene
895 4122 972 4199 wip;
1001 4123 1040 4180 du
1070 4122 1229 4198 irparmdst
1250 4124 1330 4198 mih;

263 4219 317 4279 daz
340 4220 432 4280 leiddt
453 4222 517 4281 mih
537 4249 580 4273 =
601 4224 702 4283 macht
723 4223 780 4282 mir
801 4224 892 4295 Leid;
922 4225 950 4284 ir
977 4226 1126 4288 wuntardt
1147 4227 1217 4286 thou
1240 4245 1327 4290 wera.
