3222 4936
723 511 937 575 ..68-

290 683 388 762 (nieht
410 703 448 742 an
465 683 538 744 Gott
559 680 708 760 glauben),
732 674 866 764 ἀπιστεῖν
888 683 953 765 θεῷ
975 683 1038 757 deo,
1063 682 1112 763 qni
1136 687 1190 756 est,
1212 701 1273 740 non
1296 699 1365 738 oon·

290 787 383 845 fidere
402 784 488 865 (Gott
510 786 595 845 nieht
611 785 792 864 vertranen),
816 785 858 845 sio
880 792 926 846 est
950 776 999 845 α’π.
1023 779 1113 862 τύχην
1135 787 1286 844 fortunam
1305 801 1365 840 non

295 889 416 949 eredere
445 891 476 949 h.
500 909 524 948 e.
557 910 617 948 non
646 889 765 949 eredere
795 890 944 948 fortunam
975 889 1033 947 sibi
1062 888 1192 968 aliquam
1223 885 1366 960 obtigisse

290 993 390 1070 (nicht
412 1011 450 1050 an
474 992 560 1052 einen
585 991 748 1052 Gliioksfall
773 991 930 1068 glauben),
961 985 1011 1049 ἆπ.
1036 985 1106 1075 τύχῃ
1138 994 1274 1050 fortunae
1305 1009 1365 1047 non

296 1095 446 1155 confidere
469 1094 547 1173 (dem
567 1093 661 1154 Gliiek
683 1093 769 1153 nieht
782 1093 910 1172 tranen).
954 1094 1033 1153 Illud
1056 1094 1081 1154 si
1104 1100 1193 1169 poeta
1214 1093 1365 1165 voluisset,

290 1198 339 1259 vel
371 1188 441 1256 τάδε
472 1197 641 1275 scripsisset
673 1216 727 1274 pro
759 1189 847 1272 τύχην
881 1196 929 1256 vel
960 1189 1046 1276 τήνδε
1076 1195 1247 1255 addidisset.
1299 1195 1366 1253 Hoo

289 1301 383 1376 igitur
403 1301 484 1362 vult:
506 1320 567 1360 non
590 1299 690 1372 miror,
714 1304 743 1358 te
766 1297 902 1358 diffidere
924 1301 1062 1359 fortunas
1084 1302 1115 1360 h.
1128 1317 1157 1359 e.
1180 1318 1242 1358 non
1264 1297 1365 1370 miror,

291 1410 320 1463 te
343 1405 465 1463 fortuna
486 1403 575 1463 toties
598 1401 731 1484 delusum
763 1421 822 1460 non
846 1403 982 1476 eredere,
1018 1421 1083 1484 eapr
1104 1401 1161 1461 tibi
1183 1401 1244 1462 iam
1267 1401 1365 1460 subito

290 1505 444 1581 obtigisse.

374 1610 475 1670 Verba
498 1628 563 1668 oum
587 1603 637 1666 ἐπί
659 1626 770 1683 comp„
805 1626 880 1687 qnae
902 1613 1026 1685 propter
1048 1607 1281 1684 praepositionis
1303 1607 1365 1683 vim

290 1711 425 1772 dativum
448 1710 615 1771 desiderare
638 1709 790 1783 crederes,
814 1729 881 1768 enm
904 1729 965 1769 aee.
987 1709 1143 1784 leguntur:
1165 1711 1258 1770 Phoe.
1286 1714 1363 1769 1245

291 1806 400 1882 πάντες
421 1806 452 1871 δ’
473 1807 681 1890 ἐπερρόθησαν
698 1806 827 1890 Ἀργεῖοι
841 1805 920 1870 τάδε.
965 1808 1275 1891 ,,Βεα1ὶεείαιεέπερρ.
1300 1832 1365 1872 oum

293 1917 357 2005 eius
378 1916 438 1990 rei,
471 1934 558 1995 quam
580 1914 793 1974 acclamations
816 1919 867 1973 tua
890 1914 1166 1993 comprehensoris,
1195 1914 1364 1976 accusativo

293 2019 506 2080 eonstmitur“.
529 2018 586 2076 Pfl.
631 2017 681 2076 Or.
706 2016 766 2075 276
797 2009 833 2073 σε)
864 2011 917 2093 μὲν
947 2012 1104 2087 ἐπένευσας
1126 2009 1204 2075 τάδε.
1249 2017 1364 2082 Quibus
1403 2015 1404 2020 ¹

289 2121 365 2182 loois
396 2113 466 2178 τάδε
495 2120 692 2179 immanentes
721 2118 816 2200 aooipi
848 2139 909 2179 non
937 2141 1022 2199 posse
1045 2139 1182 2196 ,oonexus
1205 2120 1300 2179 dooet.
1322 2153 1364 2164 -

291 2225 318 2284 I.
340 2225 373 2283 Τ.
397 2228 459 2282 962
493 2215 575 2299 δεινή
609 2241 653 2292 τις
685 2213 760 2301 α’ργὴ
794 2216 944 2297 δαιμόνων
975 2219 1087 2294 ἐπέζεσε
1122 2214 1153 2281 νδ
1191 2224 1365 2281 Τανααλεῑον

290 2322 407 2406 σπέρμα
430 2319 480 2384 διδ
503 2318 604 2383 πόνων
626 2316 654 2382 τ’
677 2316 757 2402 ἄγει,
783 2325 861 2404 qnod
884 2326 1035 2412 canterus!
1051 2346 1089 2385 ex
1111 2325 1215 2402 inepta
1235 2324 1364 2384 leotione

290 2421 321 2488 τ’
344 2419 390 2488 αἰεί
411 2428 553 2489 restituit.
597 2427 669 2486 Cum
692 2445 752 2487 eoo.
776 2446 814 2485 ex
836 2422 943 2498 ἐπιζεῖν
964 2429 1114 2507 pendente
1139 2449 1200 2487 non
1223 2428 1365 2490 convenit

291 2534 366 2593 Heo.
392 2531 452 2590 579
484 2521 596 2589 teoto.
613 2550 640 2587 τι
670 2529 755 2604 πῆμα
788 2524 901 2601 ἐπέζεσε
930 2533 994 2599 ταῖς
1026 2527 1215 2609 Πριαμίδαις.
1268 2528 1364 2592 Quam

296 2633 504 2695 diffioultatem
533 2633 723 2691 Hermannns
756 2631 907 2691 eommode
936 2633 1056 2692 sustulit
1085 2632 1203 2708 virgula
1232 2637 1301 2692 ante
1331 2624 1364 2690 νδ

298 2741 383 2796 Ταντ.
408 2735 513 2815 posita.
557 2735 662 2794 Refert
693 2733 788 2807 igitur
809 2734 1008 2795 aoousativum
1030 2735 1067 2792 ad
1089 2754 1217 2815 sequens
1239 2729 1289 2794 διδ
1312 2728 1366 2794 πό-

291 2860 352 2898 νων
373 2833 400 2896 τ’
428 2821 492 2917 ἅμα
521 2840 550 2895 et
575 2832 687 2908 ἐπέζεσε
709 2836 843 2896 absolute
866 2837 980 2914 exeipit
1009 2839 1086 2916 quod
1117 2838 1182 2897 fieri
1205 2858 1291 2915 posse
1313 2837 1365 2898 alii

290 2942 351 3003 looi
382 2942 604 3018 demonstrant,
636 2939 674 2999 of.
696 2939 808 3004 Herod.
832 2939 860 2999 7.
884 2945 921 2999 31
955 2931 1099 3017 ἡνεότης
1130 2936 1269 3012 ἐπέζεσεν.
1312 2944 1364 3000 Ar.

292 3046 410 3106 Thesm.
436 3049 506 3104 468.

625 3209 772 3296 Duplex
792 3211 1027 3280 aoousatiuus.

379 3351 418 3410 In
451 3370 508 3431 qno
541 3351 599 3410 duo
630 3370 740 3426 genera
769 3351 926 3432 statuenda
954 3356 1038 3410 sunt:
1076 3356 1128 3411 aut
1155 3355 1282 3432 uterque
1304 3370 1365 3412 aoo.

296 3453 481 3527 transitivas,
503 3458 556 3513 aut
577 3453 654 3514 alter
675 3455 850 3517 transitivas
872 3455 949 3514 alter
969 3454 1134 3514 immanens
1158 3459 1212 3515 est.

380 3556 405 3614 I.
428 3555 1132 3635 Uterqueaoousatirustransitivus
1148 3563 1216 3618 est.
1238 3557 1366 3618 Notissi-
1399 3622 1402 3627 ,

291 3680 358 3720 mus
374 3658 465 3717 huius
479 3657 597 3733 generis
612 3678 682 3718 usus
698 3664 750 3733 est,
775 3678 832 3739 quo
850 3659 955 3719 alter
975 3678 1049 3720 aoo.
1065 3659 1232 3720 alterius
1254 3679 1365 3738 praa-

294 3763 464 3822 dioatum
495 3759 680 3821 eontinet
709 3763 758 3840 (K.
781 3763 852 3820 273.
881 3762 917 3842 l).
962 3762 1047 3821 Nihil
1075 3767 1174 3821 antem
1196 3764 1273 3841 apud
1295 3783 1366 3842 poe·

293 3871 355 3924 tam
376 3862 503 3941 repperi,
528 3866 606 3943 quod
628 3865 780 3924 mentione
801 3865 922 3940 dignum
945 3866 998 3939 ait3
1028 3864 1190 3944 speoimina
1213 3865 1365 3925 attulerim

293 3969 384 4026 haeo:
407 3965 472 4025 Alo.
486 3971 544 4025 801
564 3963 615 4025 uto
632 3961 684 4044 μὲν
695 3962 766 4026 καθ’
788 3959 901 4047 ἡμέραν
917 3966 984 4045 βίον
996 3967 1111 4045 λογίζου
1126 3961 1189 4028 σόν.
1216 3969 1289 4028 Her.
1302 3973 1363 4026 613

293 4061 345 4129 adv
368 4063 422 4145 μέν
444 4060 504 4143 ἀφ’
526 4060 654 4146 ὑψηλῶν
675 4063 789 4149 βραχδν
812 4061 914 4153 ᾤκισε,
946 4063 998 4129 adv
1020 4062 1051 4128 d'
1074 4063 1183 4147 ἆλήταν
1203 4065 1365 4148 εὐδαίμονα

293 4165 387 4249 τεύχει
418 4171 468 4231 sol.
498 4174 594 4251 μοῖρα.
640 4173 680 4233 Η.
701 4175 723 4233 f.
750 4178 808 4232 182
841 4167 894 4232 τίν’
931 4165 1018 4252 ἄνδρ’
1050 4166 1170 4254 ἄριστον
1203 4170 1365 4255 ἐγκρίναιεν

293 4265 345 4349 dv,
367 4274 417 4334 Ba
445 4278 523 4333 1025
550 4267 654 4358 Θήβας
676 4262 732 4335 οἷδ’
758 4269 925 4356 ἀνάνδρους
947 4267 1043 4357 dysis,
