3222 4936
690 495 881 560 -3..

341 670 448 747 Repeti
480 669 576 729 solent
607 671 795 749 quaestiones
828 671 1009 729 recentiores
1039 669 1075 726 de
1108 668 1277 726 accusativo
1309 687 1327 726 a

257 772 417 844 Lobcckio,
440 772 490 851 qni
507 772 636 849 Paralip.
653 773 730 830 VIII
747 776 914 830 col—538
938 778 968 831 et
982 771 1083 830 multis
1098 770 1172 829 locis
1188 769 1327 829 editionis

257 875 359 934 Aiacis
376 874 532 952 Sophoclei
556 877 592 934 de
614 877 718 949 figura,
743 875 818 954 quae
841 874 950 932 dicitur
972 873 1170 952 etymologica
1186 873 1255 946 egit,
1285 872 1329 930 ita

258 984 355 1036 autem
378 999 440 1037 rem
462 977 610 1050 instituit,
634 983 668 1036 ut
689 979 839 1052 ingentem
862 978 925 1035 fere
948 977 1149 1053 exemplorum
1173 994 1329 1034 nnmerum

260 1080 427 1154 colligeret,
460 1081 606 1159 quomodo
638 1100 771 1159 quaeque
801 1080 882 1153 leges
913 1081 1007 1138 secuti
1036 1079 1195 1155 scriptores
1221 1077 1259 1136 iis
1282 1077 1329 1136 usi

258 1187 356 1240 essent
378 1202 436 1241 non
461 1183 663 1256 constitueret.
708 1183 832 1252 Deinde,
857 1182 965 1240 omisso
994 1181 1161 1251 Wundero,
1206 1181 1257 1261 qui
1297 1182 1329 1239 in

257 1284 429 1343 recensione
452 1284 562 1357 Aiacis,
586 1305 603 1344 a
626 1285 774 1344 Lobcolrio
797 1285 877 1356 editi,
901 1303 918 1342 a
941 1284 1036 1357 figura
1057 1283 1111 1341 illa
1133 1283 1330 1360 etymologica

258 1405 380 1445 exorsus
403 1386 467 1462 ipse
489 1388 522 1446 in
544 1377 746 1447 accusativum
772 1387 946 1466 inquisivit,
979 1406 1121 1444 summam
1143 1385 1352 1459 diligentiam

257 1491 289 1548 in
319 1491 398 1548 hanc
427 1509 488 1548 rem
521 1490 650 1548 contulit
670 1489 835 1548 Kolsterus.
881 1487 1123 1566 (Sophocleisohe
1145 1488 1269 1548 Studien
1300 1508 1329 1565 p.

259 1591 328 1650 270.
373 1579 456 1650 llber
478 1593 529 1650 das
553 1612 614 1666 sog.
637 1593 743 1651 innare
766 1591 872 1649 Obiect
893 1591 970 1650 nach
1001 1591 1112 1648 seinem
1135 1591 1251 1664 Begriff
1269 1591 1330 1650 und

258 1697 363 1765 Antan,
387 1695 445 1754 wie
467 1715 498 1752 as
519 1693 561 1752 im
577 1693 840 1772 Spraohgebrauch
863 1693 916 1751 der
930 1693 1074 1766 Tragiker
1096 1695 1257 1752 besonders
1279 1695 1330 1752 dos

258 1795 419 1873 Sophocles
443 1796 507 1854 sich
530 1795 686 1870 dar-stellt.)
737 1795 827 1854 Guius
856 1793 954 1852 studia
977 1796 1114 1872 quamvis
1136 1795 1196 1854 sint
1218 1815 1330 1854 summa

259 1897 346 1956 laude
369 1899 459 1972 digna
481 1897 634 1976 multaque
657 1900 732 1957 benc
756 1902 786 1954 at
801 1895 990 1969 sagacissime
1009 1897 1133 1956 inventa
1149 1899 1330 1971 contineant,

259 2000 363 2073 negari
386 2005 484 2059 tamen
505 2020 565 2059 ncn
580 2005 687 2076 potest,
711 2000 774 2059 eius
795 1999 950 2076 rationem,
974 2018 1062 2078 quam
1085 1999 1117 2058 io
1142 2001 1331 2060 diiudicando

262 2102 432 2160 accusativo
455 2109 603 2181 sequatur,
626 2103 733 2161 miram
749 2123 822 2174 csse,
850 2120 926 2181 quae
941 2121 1047 2161 vereor
1061 2111 1094 2161 ut
1109 2103 1210 2163 multis
1225 2106 1331 2182 probe-

262 2209 322 2262 tur.
366 2203 527 2262 Contendit
548 2205 627 2262 enim
649 2204 697 2264 vir
719 2204 915 2276 doctissimus,
945 2204 976 2262 in
1000 2205 1156 2264 sententiis
1182 2225 1249 2266 cum
1271 2226 1332 2267 acc.

263 2305 438 2363 immanenti
467 2305 554 2364 factis
583 2307 800 2378 accusativum,
831 2327 891 2365 ncn
919 2308 1043 2365 verbum
1073 2309 1279 2380 gravissimum
1302 2317 1332 2370 et

263 2407 389 2466 maxime
412 2408 610 2466 necessarium
631 2428 694 2466 esse
717 2409 758 2485 (p.
782 2407 865 2480 276).
917 2409 1021 2487 Itaque
1044 2409 1075 2467 in
1099 2403 1169 2484 χοὰς
1197 2408 1330 2486 χέασθαι,

262 2506 371 2586 γέλωτα
401 2512 486 2587 γελᾶν
514 2530 573 2568 non
597 2511 774 2582 accusativo,
806 2511 855 2568 scd
885 2512 976 2569 verbo
1000 2511 1194 2570 offensionem
1224 2515 1329 2573 inesse.

262 2611 358 2676 Quam
381 2613 558 2671 sententiam
581 2613 767 2674 Schwaraius
790 2613 864 2692 (Der
887 2614 1045 2673 Accusativ
1068 2615 1118 2672 des
1141 2616 1264 2675 Inhalts'
1282 2617 1330 2676 bei

261 2714 430 2791 Sophocles.
494 2717 625 2774 Weimar
655 2717 748 2792 1863)
789 2721 819 2774 et
850 2716 998 2774 Escherus
1036 2723 1116 2776 recte
1148 2719 1332 2779 refellerant.

261 2817 408 2876 Convenit
436 2819 515 2876 enim
537 2819 625 2876 hodic
654 2819 837 2879 interritos
859 2820 977 2890 doctos,
1007 2819 1040 2876 in
1062 2822 1332 2882 constructionibus

259 2918 370 2977 talibus
392 2923 532 2992 verbum,
563 2941 618 2997 per
640 2941 671 2978 se
695 2939 812 3001 qnoque
835 2921 954 2980 nominc
977 2923 1163 2982 substantivo
1185 2925 1331 2983 vetustius

260 3019 455 3096 (Schdmann‚
486 3021 544 3079 Die
579 3024 754 3082 Redcthcile
781 3043 809 3099 p.
841 3025 909 3100 28),
942 3025 1025 3101 prius
1055 3032 1086 3083 ct
1118 3026 1218 3084 addito
1246 3047 1331 3086 accu-

261 3122 357 3181 sativo
380 3123 591 3201 amplificatum
614 3131 644 3183 et
665 3133 842 3186 exornatum
866 3147 945 3198 esse,
980 3133 1013 3185 ut
1042 3129 1073 3185 in
1105 3129 1240 3188 formulis
1269 3130 1330 3188 illis

260 3225 451 3301 expediendis
474 3245 492 3284 a
513 3229 604 3285 verbo
628 3228 873 3304 proficiscendum
895 3230 943 3289 sit.
979 3230 1177 3290 subtilissime
1192 3233 1228 3290 de
1243 3251 1328 3292 accu-

259 3328 354 3386 sativo
377 3328 496 3404 scripsit
517 3329 692 3405 Rumpelius
714 3331 783 3408 (Die
805 3332 986 3391 Oasuslehre.
1033 3333 1120 3392 Halle
1149 3335 1251 3412 1845),
1276 3336 1327 3416 qui

260 3428 291 3486 in
312 3428 388 3488 libro
411 3450 463 3488 suo
487 3450 599 3489 summa
622 3432 770 3507 elegantia
793 3441 823 3492 et
837 3435 957 3508 egregia
977 3435 1079 3494 iudicii
1103 3436 1167 3493 acic
1189 3445 1327 3496 naturam

261 3535 293 3587 et
320 3531 470 3590 notionem
499 3534 660 3594 accusativi
691 3536 862 3595 illustravit.
909 3537 1004 3601 Quem
1036 3539 1169 3596 libellum
1200 3558 1265 3598 cnm
1297 3546 1327 3599 et
1358 3577 1361 3582 ·

261 3631 409 3690 Eacherus
439 3642 470 3693 et
499 3635 689 3695 Guentharus
720 3657 825 3716 parum
856 3640 1022 3715 respexisse
1052 3641 1125 3698 mihi
1158 3641 1326 3714 videantur,

260 3732 360 3808 paullo
384 3736 503 3795 uberius
526 3739 589 3797 eius
611 3740 792 3799 mentionem
814 3742 924 3801 habere
948 3747 978 3800 et
1000 3742 1071 3820 quid
1094 3744 1141 3803 vir
1155 3743 1206 3803 ille
1222 3744 1325 3803 doctus

258 3837 405 3909 statuerit,
427 3838 459 3896 in
481 3841 609 3899 medinm
631 3844 765 3919 proferre
786 3843 883 3902 liccat.

343 3943 388 4000 Ac
415 3942 543 4018 primum
573 3944 692 4022 quidem
714 3947 888 4023 Rumpelius
909 3968 937 4024 p.
966 3952 1023 4006 114
1047 3968 1090 4028 sq.
1121 3949 1202 4007 omni
1232 3952 1324 4009 verbo

258 4042 330 4100 duas
352 4043 432 4104 vires
454 4045 551 4104 inesse
574 4047 676 4124 dccet,
704 4048 828 4108 alteram
849 4050 1090 4128 praedicativam,
1113 4052 1237 4112 alteram
1259 4073 1325 4112 ver·

257 4143 367 4201 balam
384 4145 433 4204 vel
464 4147 677 4225 copulativam,
709 4150 771 4210 sive
802 4153 996 4213 substantiam
1028 4159 1058 4211 et
1088 4162 1217 4229 motum,
1249 4175 1324 4236 quac

257 4253 434 4324 appareant,
466 4268 533 4308 cum
561 4252 689 4334 'verbum
718 4252 750 4311 in
778 4257 902 4316 verbum
931 4257 1077 4316 auxiliare
1107 4264 1139 4316 et
1163 4259 1324 4317 substanti·

1077 4354 1121 4416 1⁴⁵
