3222 4936
680 540 892 605 „67-

250 715 323 792 Hip.
350 716 430 774 1856
454 708 634 798 σωφροσύνῃ
663 708 776 783 ττύντας
804 705 965 792 ύττεροχύν.
1010 713 1055 772 Da
1077 702 1269 791 ύπερβύλλειν
1291 736 1320 777 r.

251 838 280 895 p.
305 822 353 876 61.

335 919 473 1000 Denique
510 940 527 980 e
564 919 714 994 vorbis,
759 938 856 999 quae
899 938 981 979 cum
1016 918 1321 996 praepositione

251 1023 474 1098 genitivum
505 1023 757 1083 desiderante
793 1021 1017 1098 composita
1049 1025 1153 1080 contra
1183 1042 1269 1081 usum
1292 1028 1322 1082 et

251 1128 383 1205 ipsorum
406 1126 650 1200 significationem
676 1145 741 1186 cum
765 1144 824 1188 acc.
849 1129 1019 1185 constructa
1041 1129 1124 1197 sunt,
1156 1125 1320 1186 attulerim:

252 1229 302 1289 Ba.
327 1228 386 1288 279
410 1230 571 1312 καταγελᾷς
599 1251 651 1288 νιν.
692 1234 754 1288 492
776 1231 962 1308 καταφρονεῖ
988 1248 1024 1302 με
1051 1223 1100 1285 καὶ
1128 1217 1231 1304 Θήβας
1262 1223 1321 1287 tta

252 1333 338 1393 Alter
366 1332 450 1392 locus
478 1333 604 1392 alterum
636 1332 769 1405 defendit
800 1351 898 1412 neque
929 1336 1098 1404 causaest,
1133 1349 1185 1391 cur
1212 1333 1244 1390 in
1274 1353 1322 1391 su·

252 1436 414 1515 spicionem
437 1436 536 1496 vocati
544 1439 722 1495 mutentur.

336 1541 405 1598 Non
435 1538 532 1596 minus
554 1537 687 1597 insolens
717 1544 761 1597 est
783 1539 858 1596 Rhe.
883 1538 944 1596 876
976 1527 993 1593 o‘
1014 1527 1087 1604 θεὸς
1117 1540 1262 1595 καταττνεῖ
1281 1553 1321 1596 σε.

157 1657 163 1668 ’
251 1643 294 1702 (li.
317 1642 396 1700 Med.
425 1645 485 1699 828
508 1660 536 1717 p.
564 1641 613 1699 78.
661 1641 734 1700 Hec.
759 1644 819 1698 289
844 1634 943 1713 φόνου
973 1635 1131 1718 σταλαγμοὶ
1155 1631 1211 1714 σὴν
1240 1635 1323 1699 κατέ·

251 1745 353 1817 σταζον
375 1740 471 1823 γένυν.
494 1777 536 1788 -
559 1744 632 1803 Her.
656 1744 716 1803 417
741 1745 801 1801 ταῖν
829 1742 942 1821 μωρίαν
970 1736 1044 1818 ἐμὴν
1066 1735 1321 1821 κατηγορούντων,

252 1868 340 1929 quam
362 1848 493 1908 codicum
517 1846 694 1925 scripturam
717 1867 818 1907 omncs
839 1847 902 1906 fere
925 1846 1054 1906 editores
1076 1851 1268 1908 mutaverunt
1289 1847 1321 1906 in

253 1949 367 2027 μωρίαν
390 1947 479 2024 ἐμοῦ,
513 1959 543 2009 et
571 1956 653 2010 reete
685 1971 735 2009 eos
764 1951 870 2010 fecisse
892 1949 1036 2022 arbitror,
1069 1969 1135 2008 cum
1157 1951 1231 2009 haec
1254 1970 1323 2009 oon·
1392 2006 1394 2012 .

252 2053 375 2112 structio
394 2052 529 2128 pluribus
544 2055 620 2130 apud
640 2058 774 2113 nostrum
788 2052 862 2113 locis
877 2053 1013 2111 firmetur
1027 2052 1096 2129 (Ion
1109 2058 1180 2111 986.
1204 2052 1254 2112 Or.
1272 2058 1322 2113 28.

251 2157 318 2215 Tro.
343 2160 413 2216 910.
453 2176 481 2216 v.
504 2176 533 2232 p.
558 2153 625 2233 38),
657 2154 738 2214 illius
767 2159 867 2214 autem
897 2155 1066 2232 exemplum
1095 2155 1176 2214 aliud
1205 2163 1323 2234 praesto

252 2279 311 2318 non
336 2258 383 2318 ait.
427 2259 502 2316 Nam
519 2258 608 2335 Soph.
633 2257 667 2316 Ο.
683 2261 718 2318 Β.
737 2262 796 2316 529
820 2260 1010 2336 κατηγορεῖτο
1028 2249 1214 2334 τούττίκλημα
1236 2255 1325 2320 τοῦτο’

252 2383 310 2437 μου
331 2380 398 2421 mea
419 2361 568 2420 sententia
589 2380 649 2420 acc.
673 2361 854 2435 immanens,
887 2381 948 2420 nen
970 2361 1172 2422 nominativus
1202 2363 1234 2422 in
1257 2357 1324 2422 τού·

252 2463 329 2523 πίκλ.
343 2444 528 2524 'statuendus
552 2468 605 2524 est.

336 2568 387 2627 Ad
418 2586 490 2627 aco.
522 2587 588 2645 pro
620 2567 691 2626 dat.
725 2566 888 2644 positum
920 2587 979 2625 uon
1002 2566 1096 2625 multa
1124 2567 1215 2642 digna
1246 2575 1323 2644 sunt,

251 2690 376 2751 quorum
406 2667 588 2729 mentionem
619 2670 789 2729 habeamus.
834 2669 886 2728 Ba.
910 2674 971 2728 810
1003 2669 1136 2729 codicum
1165 2670 1323 2731 lectionem

252 2765 302 2851 ὅγ’
326 2764 366 2842 οἷς
389 2765 522 2848 τάχιστα·
558 2774 611 2830 τοῦ
633 2765 742 2850 χρόνον
765 2768 798 2830 δέ
820 2764 851 2830 o’
874 2764 910 2830 ού
934 2773 1044 2846 φθονῶ
1067 2773 1220 2840 Nauckius
1242 2779 1323 2833 recte

251 2876 283 2934 in
314 2892 363 2933 σοι
384 2875 550 2936 correxisse
580 2876 654 2934 mihi
684 2876 811 2937 videtur.
855 2877 931 2934 Nam
964 2895 1061 2955 neque
1088 2894 1149 2934 acc.
1180 2875 1232 2935 ille
1264 2877 1323 2936 alio

252 2978 317 3038 loco
340 2977 460 3037 defendi
482 2985 597 3057 potest,
628 2999 725 3058 neque
748 2979 840 3040 erasis
861 2979 929 3053 illa,
954 2998 1013 3060 qua
1036 2977 1082 3037 σοι’
1104 2997 1171 3037 cum
1193 2972 1229 3037 ού
1254 2999 1324 3040 con-

251 3081 375 3141 fluxisse
397 3081 588 3140 Hermannus
620 3083 767 3159 opinatur.
813 3081 950 3155 Accedit,
986 3083 1063 3161 quod
1095 3080 1203 3142 omissa
1233 3100 1324 3158 nega·

250 3185 334 3244 tione
358 3185 450 3244 verba
471 3184 577 3244 melius
600 3185 780 3262 procedunt,
804 3183 951 3263 siquidem
971 3184 1132 3257 Pentheus,
1160 3185 1210 3265 qui
1233 3188 1324 3246 vehe-

251 3287 436 3346 mentissime
458 3287 601 3364 temporis
616 3292 798 3347 momentum
814 3287 1015 3364 exspectabat,
1039 3304 1097 3365 quo
1117 3286 1191 3347 duce
1206 3290 1323 3349 Baccho

253 3409 340 3469 quom
362 3394 475 3448 mutata
504 3390 581 3450 faeie
602 3390 775 3465 ignorabat,
810 3389 842 3447 in
866 3389 1076 3448 Cithaeronem
1097 3395 1241 3466 montom,
1272 3393 1324 3452 ubi

252 3493 381 3552 bacchae
403 3493 607 3564 versabantur,
633 3495 819 3570 profecturus
842 3498 915 3564 erat,
938 3493 992 3551 deo
1015 3498 1162 3569 apparatu
1182 3495 1323 3556 bacchico

253 3615 284 3654 so
308 3595 426 3654 ornanti
449 3595 538 3655 dicit:
562 3596 618 3654 duc
641 3615 730 3676 quam
752 3594 915 3668 celerrime,
938 3595 992 3654 τοῦ
1013 3588 1092 3674 χρόν.
1116 3589 1172 3675 γάρ
1195 3612 1242 3655 σοι
1264 3602 1322 3672 φθ.

252 3698 282 3760 h.
305 3718 330 3757 e.
355 3717 415 3756 non
437 3697 561 3757 multum
585 3699 638 3757 otii
661 3697 717 3757 tibi
741 3699 878 3758 concedo.

339 3800 402 3860 Alc.
422 3803 502 3858 1130
526 3800 609 3860 codd.
633 3793 766 3859 οἷπτστεῖν
789 3793 818 3859 d’
843 3793 880 3860 ού
902 3817 935 3859 σε
955 3793 1100 3877 θαυμάζω
1115 3794 1213 3878 τύχην,
1237 3823 1323 3884 quem

253 3922 313 3963 acc.
338 3902 493 3977 Pflugkius
516 3908 545 3961 et
567 3903 757 3964 Hermannus
779 3910 893 3977 tenent,
917 3904 987 3984 quia
1009 3905 1167 3964 Admetum
1189 3906 1324 3982 profiteri

253 4011 400 4086 operteat,
423 4025 454 4064 se
477 4025 537 4064 non
561 4007 679 4065 credere
694 4026 798 4066 verum
816 4026 889 4080 esse,
913 4009 991 4087 quod
1006 4008 1133 4079 accidat;
1157 4001 1228 4092 τύχη
1244 4016 1324 4069 recte

252 4109 364 4169 dictum
395 4129 459 4168 esse
491 4109 527 4168 dc
559 4130 612 4183 eo,
650 4109 700 4189 qui
732 4111 870 4168 fortunae
899 4111 1132 4170 inconstantiam
1160 4116 1323 4173 vereretur.

252 4213 334 4273 Bene
356 4219 455 4273 autem
477 4213 659 4272 Matthiaeus
686 4213 718 4271 in
747 4213 844 4272 lexico
867 4212 1029 4291 Euripidae
1053 4235 1075 4274 s.
1099 4235 1128 4276 v.
1153 4209 1249 4274 ἆτττστ.
1273 4237 1323 4276 eos

252 4317 364 4376 refutat
391 4317 440 4376 his
462 4317 578 4378 verbis:
608 4321 643 4375 ut
665 4307 797 4375 α’ττιστεῑν
826 4308 899 4374 θεόν
929 4323 975 4377 est
1004 4318 1092 4376 deum
1121 4338 1180 4378 non
1204 4321 1324 4379 credere

1074 4414 1121 4480 δῦ
