3222 4936
683 489 895 554 ..27-

256 657 285 742 p’
313 661 422 742 αίρετε,
456 655 582 750 σύντονα
604 655 636 722 δ’
658 659 761 723 ἕλκετε.
807 663 874 740 Gya.
899 666 959 722 648
983 654 1019 722 ici
1051 652 1103 737 ίύ,
1135 655 1325 744 γενναιότατα

257 761 373 840 ω’θεῖτε,
396 760 541 826 σπεύδετε.
586 767 776 826 Hermannus
794 765 964 826 vocativum
979 759 1177 846 γενναιότατοι
1198 766 1326 844 scripsit,

257 871 309 952 qui
340 870 464 931 articulo
500 890 560 930 uon
591 869 693 929 addito
723 868 917 929 offensionem
946 869 1056 929 habere
1093 867 1168 928 mihi
1199 868 1326 929 videtur.

258 976 337 1035 uod.
363 978 422 1033 122
446 964 522 1053 o'iiy’
545 964 704 1051 ύρχόμενοι
725 963 817 1031 πολλὰ
839 970 1022 1051 κρατοῦντες.
1069 972 1137 1031 Tro.
1161 976 1221 1031 350
1246 963 1328 1050 σ’ρθύ

258 1079 433 1158 πυρφορεῖς.
460 1078 520 1136 742
536 1067 660 1154 περισσοὶ
674 1073 817 1151 τιμηθείς.
844 1079 924 1134 1190
940 1070 1047 1152 βέβαια
1062 1073 1180 1156 χαίρειν.
1205 1076 1254 1135 Or.
1267 1079 1326 1134 150

257 1174 359 1260 χρόνια
381 1170 482 1238 πεσύν
504 1169 661 1250 εύνύζετυι.
693 1183 753 1237 240
777 1173 846 1255 μένε
869 1169 987 1258 ύτρέμα.
1021 1177 1081 1238 793
1105 1170 1214 1256 σμικροί
1235 1197 1328 1254 φρον-

259 1282 341 1356 τίζων
371 1275 466 1359 όχλου.
506 1286 584 1342 1261
610 1273 715 1357 όόχμια
741 1274 834 1360 κόρας
864 1273 995 1360 όιύφερε.
1035 1279 1095 1340 874
1124 1273 1177 1339 τόν
1200 1274 1227 1339 δ’
1254 1273 1324 1340 ὥστ’

257 1377 385 1459 ύόελφόν
414 1382 463 1443 ἴσα
491 1383 569 1466 φίλφ
591 1376 780 1459 λυπούμενον
801 1375 898 1464 (ioci).
943 1381 1039 1447 Quam
1061 1383 1192 1443 omnium
1215 1387 1328 1444 cataro·

255 1510 321 1551 rum
341 1489 483 1548 librorum
498 1487 674 1565 scripturam
697 1486 796 1547 nescio
818 1507 870 1546 cur
885 1485 1042 1562 Pflugkius
1056 1485 1145 1545 nnius
1168 1488 1230 1547 cod.
1249 1488 1329 1545 Mar·

257 1592 349 1663 ciani,
370 1590 451 1650 illius
474 1590 593 1670 quidem
615 1590 727 1668 optima
748 1590 922 1650 auctoritate
944 1594 1059 1650 tentare
1082 1588 1205 1669 eiusque
1227 1589 1329 1649 lectio·

258 1716 323 1754 nem
346 1692 612 1769 enocdcfsndere
627 1695 754 1754 studeat.
797 1693 983 1754 Constructio
1007 1692 1095 1766 enim,
1120 1712 1207 1772 quem
1228 1692 1329 1752 verbis

258 1798 353 1857 inesse
382 1797 462 1856 vult:
495 1797 575 1856 hunc
597 1802 694 1856 autem
715 1795 759 1857 its
787 1797 925 1856 affectum
946 1795 1050 1867 rideo,
1080 1801 1114 1856 ut
1142 1815 1201 1856 non
1231 1795 1330 1856 minus

259 1899 355 1982 quam
368 1899 474 1972 frater,
505 1919 596 1979 quum
625 1905 704 1960 esset
732 1898 857 1972 amicus,
888 1899 1069 1976 aegrimonia
1092 1900 1221 1960 raffectus
1243 1909 1330 1972 esset,

133 2016 138 2028 '
259 2002 423 2064 coniunctis
444 2002 525 2062 inter
545 2021 576 2062 se
599 1995 672 2061 ὅστ’
693 1999 759 2080 iou,
796 2003 888 2066 multo
919 2003 1071 2063 difficilior
1102 2007 1148 2063 est
1169 2023 1218 2076 ea,
1252 2022 1328 2084 quae

259 2111 375 2167 servato
398 2102 474 2188 φίλφ
496 2105 575 2166 ultro
597 2125 629 2165 sc
644 2107 745 2166 offert:
767 2105 853 2166 video
870 2126 944 2179 eum,
968 2106 1053 2185 quasi
1075 2106 1115 2166 sit
1134 2105 1216 2165 illius
1231 2107 1330 2178 frater,

257 2211 359 2269 eadem
374 2210 410 2268 de
425 2228 512 2268 causa
533 2214 568 2269 ut
586 2209 712 2269 amicum
727 2208 936 2269 lacrimantem.
980 2209 1062 2269 Illud
1083 2209 1109 2268 si
1130 2213 1218 2287 poete
1232 2209 1330 2273 dicere

256 2311 408 2382 voluisset,
430 2311 576 2388 particula
593 2311 693 2390 aliqua
707 2313 792 2372 velut
812 2305 894 2387 ὅμως
909 2311 1134 2395 oppositionem,
1158 2332 1244 2392 quam
1267 2317 1330 2371 tum

257 2412 345 2487 φίλον
368 2413 541 2488 contineret,
564 2433 631 2474 eum
645 2418 814 2474 noteturum
837 2415 929 2474 fuisse
944 2417 1040 2487 orado,
1063 2434 1160 2494 neque
1183 2415 1331 2492 persuasit

259 2517 333 2576 mihi
348 2516 514 2593 Pflugkius,
537 2518 628 2576 verba
647 2508 720 2576 ὅστ’
742 2514 791 2576 ίσα
805 2517 884 2577 idern
900 2517 958 2579 sibi
974 2517 1060 2591 velle,
1083 2519 1162 2597 quod
1177 2517 1244 2577 aliis
1257 2517 1331 2577 locis

257 2618 417 2697 particulas
432 2620 648 2698 comparativae
669 2617 736 2680 ίσον
758 2612 809 2693 σός,
831 2618 896 2682 ίσον
917 2611 979 2694 iios,
1003 2641 1079 2701 qnae
1093 2621 1158 2699 ipsa
1173 2624 1331 2682 verborum

258 2721 404 2798 positione
432 2723 468 2781 sb
497 2722 568 2781 illis'
588 2723 747 2783 differunt·
765 2745 808 2770 -a
840 2724 882 2785 ul.
910 2730 972 2783 994
1003 2723 1105 2802 σεβίζω
1138 2717 1168 2784 σ’
1198 2721 1248 2783 ίσα
1278 2719 1330 2783 καί

259 2817 402 2903 μάκαρας.
446 2826 498 2886 Βε.
521 2830 581 2885 413
613 2823 663 2885 ίσα
685 2821 712 2884 δ’
747 2824 788 2897 είς
815 2847 846 2886 τε
868 2820 918 2886 τόν
947 2819 1051 2906 όίβιον
1072 2819 1125 2887 τόν
1154 2846 1184 2885 τε
1212 2825 1330 2905 χείρονα

260 2919 336 2986 δῶκ’
358 2924 434 3004 ἔχειν
456 2925 541 2988 νίνου
563 2924 686 3008 τέρψιν,
718 2929 771 2989 ubi
793 2933 873 2990 recte
903 2950 1007 2991 manus
1029 2932 1174 2990 secundae
1196 2930 1329 2990 recensio

260 3027 348 3106 ίσαν,Ι
366 3050 441 3110 quse
464 3037 567 3092 eontra
585 3031 684 3110 ipsum
706 3038 832 3093 metrum
853 3033 938 3107 facit,
960 3032 1090 3094 reicitur.

343 3135 465 3194 Praeter
478 3135 566 3207 locos,
589 3135 696 3216 quibus
712 3111 853 3220 articulis
876 3140 982 3208 exstet,
1005 3141 1093 3196 antea
1114 3136 1173 3195 iam
1187 3137 1331 3210 laudatos,

260 3236 503 3299 animadverteris
517 3239 590 3299 hos:
609 3237 660 3300 Ba.
674 3239 713 3297 70
729 3231 765 3296 τό
780 3234 962 3315 νομισθέντα
978 3230 1022 3297 oiri
1036 3232 1185 3298 Διόνυσον
1199 3230 1331 3315 ύμνήσω.

259 3339 323 3398 Alc.
349 3343 426 3399 1031
460 3331 496 3399 τό
525 3341 627 3414 κοῦφα
648 3375 691 3386 --
712 3333 749 3399 τό
780 3340 897 3418 μείζονα
927 3342 1020 3401 νινᾶν.
1066 3341 1141 3419 Hip.
1166 3345 1222 3402 111
1249 3333 1332 3410 ὅπως

258 3433 293 3500 τό
310 3433 470 3521 πρόσφορα
484 3435 625 3522 χυμνύσω
641 3435 785 3521 (αύτούς).
808 3445 834 3503 1.
845 3449 881 3504 A.
896 3448 977 3505 1600
994 3435 1030 3503 τύ
1043 3436 1192 3523 πρόσφορ’
1208 3437 1331 3520 ηὔξαθ’.

258 3544 304 3605 ΕΙ.
325 3545 384 3603 807
409 3535 541 3604 τάναντί’
563 3537 666 3622 εὔχετ’.
711 3547 801 3607 Phoc.
823 3547 879 3606 178
903 3539 939 3604 τό
963 3539 1044 3606 όεινύ
1066 3543 1217 3625 ἐφυβρίζει
1238 3538 1330 3605 πόλει.

259 3650 314 3706 Ion
338 3647 398 3707 870
429 3640 465 3705 τύ
487 3639 574 3706 κοινοί
595 3647 706 3725 χαίρων
728 3641 766 3708 ού
796 3647 896 3706 όίιιαια
918 3646 976 3731 cippi
997 3649 1017 3713 i.
1040 3669 1066 3709 e.
1088 3648 1236 3710 communi
1257 3648 1331 3727 (am-

257 3752 361 3811 borum
383 3751 550 3828 parentum)
573 3751 679 3828 gaudio
702 3751 782 3812 solus
803 3753 944 3828 gaudens.

672 3939 699 3986 0.
735 3937 912 3987 Substantira

343 4057 433 4118 Cuius
456 4058 682 4119 constructionis
701 4058 846 4119 rationem
868 4060 991 4118 eandem
1014 4062 1103 4139 atque
1125 4056 1332 4135 pronominum

258 4166 289 4223 et
311 4160 525 4223 adiectivorum
549 4181 613 4222 esse
641 4162 700 4222 ism
725 4161 864 4222 diximus.
908 4161 1039 4222 Profecti
1070 4167 1141 4222 sunt
1161 4161 1331 4235 accusativi,

258 4264 311 4347 qui
333 4285 412 4324 nuno
434 4270 594 4345 sequantur
616 4264 797 4341 aganitivis,
821 4264 990 4326 accusativo
1010 4263 1185 4324 immanenti
1208 4263 1333 4342 astirpe
