3222 4936
702 518 741 525 ...
789 479 913 544 ιρ-

272 669 377 712 vcrsus
404 652 634 730 Polymestorem
665 647 827 728 nefarium,
861 655 913 735 qui
943 653 1037 714 filium
1067 675 1151 714 suum
1182 653 1345 726 occidisset,

273 774 431 834 regemque
454 755 650 814 discessurum
673 775 769 835 neque
791 778 893 834 preces
916 778 982 818 suas
1001 761 1171 818 curaturum
1193 777 1257 816 esse
1279 777 1345 816 sen-

273 858 351 916 tiens
374 859 528 918 clamorem
551 857 635 917 illum
659 858 752 920 tollat.
775 893 816 903 —
839 862 889 920 Ba.
917 865 996 920 1010
1020 851 1079 932 ἴθ’,
1109 847 1133 918 cl
1156 851 1264 937 Βάκχε,
1286 863 1345 936 θη-

275 954 404 1039 ραγρότα
420 958 542 1038 βακχᾶν,
566 958 704 1036 περίβαλε
718 955 828 1041 βρόχον
851 959 899 1021 έπλ
915 956 1086 1038 θανάσιμον
1101 955 1205 1042 άγέλαν
1220 954 1347 1022 πεσόντα

273 1053 328 1122 τάν
344 1055 522 1122 Μαινάδων.
566 1063 731 1139 Scaligerus
747 1065 867 1142 scripsit
882 1057 1011 1137 πεσόντι,
1035 1085 1122 1144 quem
1145 1066 1240 1126 secuti
1260 1065 1347 1124 multi

274 1165 401 1224 editores
423 1167 635 1242 provocative
657 1169 767 1246 θηραγ.
791 1169 923 1228 dativum
939 1168 1126 1228 scribendum
1149 1189 1212 1228 erse
1234 1167 1348 1244 opinati

276 1272 353 1327 sunt.
407 1267 492 1331 Quod
526 1288 599 1344 opus
631 1288 692 1328 non
724 1273 769 1329 est
800 1289 896 1349 neque
920 1263 1056 1330 ’πεσόντα
1088 1272 1261 1330 mutandum
1295 1276 1348 1331 est.

277 1369 366 1429 Hunc
396 1371 474 1429 enim
497 1391 554 1430 acc.
585 1375 664 1430 recte
694 1371 810 1431 illatum
840 1393 903 1432 esse
935 1373 1008 1432 dicit
1029 1374 1233 1446 Hermannus‚
1266 1373 1349 1452 quasi

279 1475 408 1549 pendeat
429 1493 467 1532 ex
491 1465 606 1542 άλισκε,
643 1476 721 1553 quod
743 1475 834 1534 lateat
862 1475 895 1534 in
917 1474 1012 1553 περλβ.
1036 1474 1083 1556 βρ.
1108 1483 1150 1522 -“-
1172 1477 1262 1537 Phoe.
1288 1481 1346 1536 165

277 1573 344 1653 περὶ
367 1567 396 1633 δ’
420 1567 530 1646 ιόλένας
560 1572 631 1659 δέρᾳ
662 1570 786 1660 φιλτάτμ
817 1571 938 1655 βάλοιμι
968 1573 1062 1658 χρόνῳ
1092 1571 1214 1658 φυγάδα
1237 1574 1348 1656 μέλεον.
1387 1651 1388 1654 ¹
1493 1646 1495 1650 ,

278 1678 374 1738 Sobel.
392 1679 471 1739 huno
489 1699 548 1740 acc.
567 1679 781 1756 appositionem
801 1682 837 1738 ad
852 1684 943 1741 verba
963 1682 1167 1740 antecedentia
1183 1675 1260 1761 πρός
1279 1674 1350 1757 ἐμόν

280 1773 474 1861 ὁμογενέτορα
504 1802 567 1842 esse
597 1782 686 1857 dicit,
724 1784 802 1862 quod
833 1790 955 1860 propter
984 1785 1140 1843 verborum
1173 1785 1351 1861 positionem

281 1884 346 1942 fieri
376 1884 488 1963 nequit.
542 1887 631 1944 Recte
660 1885 834 1960 Pflughius‚
871 1887 1002 1945 Porsono
1035 1891 1169 1961 auctore,
1207 1887 1352 1947 construit

278 1988 387 2046 verba:
411 1977 519 2056 ω’λένας
541 1980 729 2065 περιβάλοιμτ
751 1981 872 2066 φυγάδα
890 1984 991 2064 μέλεον
1014 1985 1085 2072 δέριγ
1109 1982 1242 2072 φιλτάτᾳ.
1279 1993 1351 2052 Αοο.

282 2082 403 2169 φυγάδα
426 2091 537 2165 pendet
559 2109 574 2148 e
596 2089 753 2149 transitiva
774 2091 895 2150 notione
910 2093 1067 2151 verborum
1091 2084 1139 2150 ω’λ.
1159 2090 1255 2170 περιβ.
1278 2094 1308 2152 h.
1325 2113 1352 2152 e.

281 2186 489 2270 περιπτύσσειν
510 2211 670 2264 umarmen‚
694 2193 801 2272 quibus
817 2193 949 2254 additum
972 2200 1017 2253 est
1038 2191 1110 2276 δὲρμ
1133 2198 1207 2268 φιλτ.
1230 2195 1262 2254 in
1278 2197 1353 2256 collo

284 2296 441 2356 consumo.
458 2329 499 2340 -
516 2296 583 2356 Tro,
601 2295 657 2354 147
675 2289 785 2374 ἐξάρξω
799 2288 849 2376 ’χαλ
867 2291 983 2374 μολπάν
1002 2289 1037 2355 orl
1052 2289 1107 2355 τάν
1122 2289 1216 2356 αότάν
1230 2295 1296 2356 οἵαν
1310 2331 1352 2342 -

281 2396 402 2478 ἐξῆρχον
418 2393 520 2471 θεούς,
543 2400 573 2458 h.
593 2419 617 2460 e.
641 2395 758 2474 μέλπειν
780 2393 874 2468 θεοὺς
897 2391 1047 2477 άρχεσθαι.
1070 2435 1113 2445 -
1136 2401 1186 2462 Or.
1201 2405 1262 2460 952
1284 2421 1352 2458 κατ-

281 2496 408 2581 άρχομαι
431 2495 603 2582 στεναγμόν,
621 2505 743 2560 τιθεῖσα
762 2496 868 2561 λευκόν
890 2493 981 2579 όννχα
1004 2496 1052 2562 διά
1079 2503 1243 2583 παρηΐδων,
1268 2501 1352 2580 αἷμα·
1471 2543 1472 2550 1

281 2598 370 2685 τοχρόν
393 2597 474 2663 όταν.
518 2605 648 2664 Dubium
669 2610 721 2680 est,
743 2611 843 2666 utrum
859 2605 1005 2666 obiective
1027 2607 1076 2667 hic
1092 2628 1150 2668 aco.
1173 2627 1211 2666 ex
1232 2599 1352 2682 κατάρχ.

282 2725 356 2766 στεν.
380 2712 466 2784 aptus
488 2709 544 2780 sit,
567 2729 604 2767 an
627 2707 842 2784 appositionem
863 2710 900 2767 ad
917 2711 1008 2770 verba
1029 2710 1237 2770 antecedentia
1259 2709 1353 2769 conti-

282 2817 365 2883 neat,
398 2804 416 2869 ό
439 2808 515 2870 ἐστιν
538 2807 598 2886 αλμ.
623 2803 687 2868 dre.
733 2810 815 2878 Quae
837 2812 1046 2888 interpretatio
1075 2813 1169 2889 magis
1197 2813 1249 2872 illa
1278 2811 1354 2872 mihi
1464 2837 1468 2843 ·

284 2916 409 2987 arridet,
445 2913 530 2992 quia,
560 2912 585 2970 si
607 2913 805 2973 accusativum
837 2916 875 2974 ad
896 2936 959 2974 κατ.
985 2932 1056 2974 στεν.
1080 2917 1267 2975 referendum
1289 2934 1353 2974 esse

282 3023 370 3096 poeta
391 3016 549 3088 voluisset,
583 3017 701 3076 Electra
729 3037 760 3076 se
791 3037 875 3076 suum
898 3017 961 3077 sive
985 3018 1206 3078 Tantalidarum
1227 3018 1354 3076 infortu·

283 3122 365 3181 nium
381 3120 598 3196 deploraturam
621 3138 685 3178 esse
708 3119 804 3179 dicere
820 3122 935 3180 debeat.
958 3153 1000 3163 -
1023 3125 1216 3198 τιμωρεῖσθαι
1237 3126 1354 3197 praeter

283 3246 341 3286 acc.
364 3242 507 3300 personae
529 3243 594 3283 cum
612 3243 671 3283 acc.
694 3223 738 3282 rei
760 3243 877 3302 quoque
893 3223 1033 3299 coniungi
1055 3229 1161 3300 potest.
1205 3224 1273 3301 Oyo.
1292 3229 1353 3283 688

284 3326 311 3388 εἰ
340 3319 383 3404 μή
404 3317 427 3385 σ’
451 3321 575 3405 ἑταίραν
605 3319 703 3399 φόνον
732 3319 974 3405 ἐτιμωρησάμην,
1012 3329 1122 3408 pendet
1152 3322 1221 3386 σέο
1252 3325 1354 3403 phrasi

284 3423 382 3506 φόνον
404 3449 506 3504 τιμωρ.
551 3428 604 3488 Sin
627 3434 725 3489 autem
747 3422 843 3503 φόνον
865 3450 925 3490 acc.
941 3429 1150 3490 immanentem
1171 3431 1355 3505 haberemus,

282 3535 378 3613 ipsam
394 3551 519 3610 poenam
535 3532 709 3606 contineret,
727 3554 784 3612 qua
800 3533 922 3609 punitus
940 3537 1017 3592 esset
1031 3533 1170 3611 Cyclops:
1188 3533 1238 3592 ich
1252 3535 1354 3593 riichtc

284 3637 362 3697 mich
385 3656 423 3694 an
445 3633 492 3693 dir
515 3633 570 3693 mit
591 3633 674 3694 einer
695 3637 878 3696 Mordrache.
922 3635 1075 3694 Eiusmodi
1097 3637 1305 3696 esculano
1330 3634 1358 3695 ελ

283 3734 324 3818 μή
347 3732 373 3795 σ’
393 3729 522 3813 ἀδελφῆς
545 3728 617 3813 αἷμα
638 3731 848 3814 τιμωρήσεταιε
873 3729 945 3814 αἷμα
960 3765 1003 3789 =
1018 3731 1123 3812 φόνον.
1168 3743 1238 3800 Αοο.
1257 3745 1354 3799 antem

283 3843 448 3903 immanens
470 3844 516 3900 est
537 3841 608 3900 Her.
634 3845 694 3900 852
719 3835 920 3900 olosericorum
943 3840 1029 3917 δίκην
1053 3835 1191 3921 ἐχθρούς,
1217 3843 1257 3902 id.
1282 3849 1352 3903 882.

283 3947 362 4006 Meu
387 3950 448 4004 262
478 3935 569 4003 πόσιν
600 3941 684 4019 δίκην
712 3934 802 4002 τοῖνδ’
825 3935 1029 4003 άντιτίσασθαι
1059 3945 1167 4004 κακῶν.
1211 3950 1289 4004 1305
1313 3937 1355 4015 cic

284 4042 337 4124 τὴν
361 4048 416 4127 (=
433 4041 540 4125 αὐτήν)
563 4045 686 4122 τίσωμαι
708 4043 806 4121 δίκην,
830 4066 918 4125 quam
940 4047 1119 4106 deteriorum
1142 4047 1274 4107 codicum
1295 4049 1354 4106 lec·

283 4153 394 4212 tionem
424 4151 560 4209 nonnulli
591 4151 719 4210 editores
746 4149 899 4207 meliorum
933 4149 1095 4226 scripturae
1125 4143 1210 4234 φόνῳ
1240 4151 1354 4226 praefe-

284 4259 362 4318 runt.
405 4256 443 4314 In
471 4252 519 4312 his
541 4254 685 4332 exemplis
709 4251 794 4329 δίκην
822 4273 882 4311 non
909 4273 972 4314 eam
1003 4274 1064 4314 rem
1088 4253 1235 4326 continet,
1270 4251 1353 4314 cuius
