3222 4936
652 497 690 506 „.
736 457 862 525 43-

224 633 314 694 huius
346 654 404 695 aee.
433 653 520 693 usum
554 635 647 693 multo
684 634 895 710 amplificatum
927 631 1080 712 magisque
1112 648 1300 707 progressum

226 756 291 796 esse
322 741 454 813 apparet.
499 738 575 796 Nam
606 736 662 796 etsi
690 737 837 796 Homerus
859 736 990 812 (anotore
1013 737 1055 795 La
1076 735 1179 795 Roohe
1201 753 1230 810 p.
1255 736 1305 793 94.

231 840 305 918 102)
327 842 364 898 ad
386 841 478 899 verba
499 833 593 898 ἱκάνω
616 834 767 914 ίκνέομαι,
796 832 859 897 do'u
883 830 993 914 δάομοι
1015 837 1165 896 infinitam
1187 856 1306 895 aeensa-

227 943 358 1003 tinorum
381 941 495 1018 copiam
511 941 634 1001 exhibet
655 946 685 1000 et
703 939 1088 1018 praepositionesnegligit,
1110 939 1143 999 in
1164 939 1212 998 his
1235 938 1306 998 solis

228 1045 330 1106 verbis
359 1063 391 1104 se
423 1043 556 1104 eontinet
585 1049 615 1103 et
643 1063 792 1120 perpauoa
823 1043 895 1115 alia,
929 1062 1005 1122 quae
1026 1043 1071 1102 Le
1091 1043 1194 1101 Roehe
1220 1041 1306 1100 affert

230 1139 374 1227 άργομαι,
399 1137 472 1223 εἶμι,
495 1144 601 1222 βαίνω,
624 1142 746 1223 νέομαι,
769 1137 832 1225 άγω
855 1145 1012 1223 perpaucis
1034 1147 1120 1205 modo
1143 1144 1216 1204 loeis
1239 1163 1305 1202 eum

230 1271 290 1310 aee.
322 1250 475 1310 construit.
519 1251 546 1309 E
579 1255 641 1310 toto
678 1249 758 1309 enim
790 1249 922 1308 Homero
955 1249 1085 1308 citantur
1114 1249 1152 1308 ad
1185 1245 1307 1326 ἔρχομαι

229 1353 366 1429 exempla
389 1358 544 1432 quattuor,
566 1355 601 1411 ad
625 1343 685 1429 εἶμι
706 1352 764 1413 tria
786 1373 830 1430 sq.

314 1456 355 1516 Ut
378 1475 412 1514 eo
434 1455 540 1514 melius
562 1455 769 1532 perspicietur,
792 1474 936 1534 quaenam
958 1454 1034 1514 ratio
1056 1454 1089 1513 iu
1111 1456 1216 1514 horum
1239 1473 1307 1515 ver-

228 1559 333 1617 borum
355 1559 573 1618 oonstruetione
595 1557 674 1618 inter
695 1565 756 1617 tres
778 1577 899 1634 magnos
915 1558 1041 1633 tragicos
1063 1557 1191 1629 intersit,
1215 1558 1306 1616 verbe

231 1660 435 1740 frequentiora
457 1661 623 1737 oomposui,
652 1663 731 1720 unde
753 1662 790 1720 ad
812 1661 970 1740 pleraque,
1002 1659 1136 1737 exeeptis
1158 1656 1307 1717 ἱκνεῖσθαι

230 1770 260 1824 et
290 1757 410 1844 ipsun,
443 1763 678 1841 praepositiones
707 1764 763 1824 suli
794 1763 875 1823 oasui
907 1762 1051 1841 praeferri
1080 1762 1185 1822 elnoet.
1237 1761 1305 1820 Nou

230 1865 327 1925 minus
349 1872 446 1926 autem
461 1866 650 1943 perspicuum
673 1872 726 1940 est,
750 1871 860 1945 quanto
879 1865 1000 1926 uberior
1022 1885 1109 1945 quam
1132 1865 1183 1923 elii
1202 1871 1307 1941 poetae

233 1968 390 2046 Euripides
412 1969 444 2028 in
466 1970 512 2028 his
534 1970 634 2029 verbis
655 1970 755 2042 fuerit,
777 1990 835 2049 qua
856 1989 888 2028 re
907 1969 1000 2029 oratio
1026 1967 1089 2028 eius
1104 1987 1191 2044 saepe
1212 1968 1306 2044 impe·

235 2071 295 2130 dita
316 2078 345 2133 et
366 2072 488 2132 molesta
509 2073 588 2132 faeta
609 2078 662 2132 est

319 2175 419 2234 Missis
440 2174 501 2233 illis
522 2174 632 2257 verbis,
662 2195 786 2254 quorum
808 2177 846 2236 ad
868 2195 1005 2241 numeros
1027 2195 1088 2235 non
1109 2176 1203 2234 habeo
1227 2175 1305 2254 quod

232 2278 347 2350 addam,
369 2277 427 2338 alia
449 2283 480 2337 et
500 2277 613 2338 rariora
635 2280 781 2352 adeamus,
805 2298 881 2358 quae
904 2281 1006 2340 eadem
1027 2280 1082 2338 hao
1103 2279 1219 2337 ratione
1239 2297 1305 2337 oum

231 2401 289 2441 aee.
321 2385 541 2441 construuntur.
565 2413 606 2424 -
636 2380 706 2444 Hel.
731 2385 767 2440 51
801 2376 964 2459 πορευθείς
990 2372 1079 2439 Ἰλίου
1109 2374 1303 2459 πυργώματα.

231 2483 331 2543 Solum
353 2483 442 2542 huius
464 2483 551 2543 verbi
573 2503 640 2543 anm
662 2503 720 2544 aee.
743 2484 912 2561 exemplum
934 2489 993 2557 est;
1023 2502 1111 2560 saepe
1133 2503 1199 2542 oum
1221 2502 1305 2559 prae-

231 2586 430 2662 positionibus
452 2591 558 2649 exstut.
578 2621 621 2632 -
643 2587 717 2664 Hip.
736 2593 775 2646 36
800 2580 855 2645 etv
877 2579 1004 2665 δάμαρτι
1024 2588 1179 2645 υαυστολεῐ
1198 2577 1303 2662 χθόνα.

231 2689 304 2748 Ηοο.
324 2693 415 2749 1288.
448 2690 519 2767 Sap.
544 2690 615 2749 475.
646 2691 722 2749 Med.
743 2690 813 2749 677.
846 2691 914 2768 Cyo.
932 2693 1001 2749 104.
1026 2724 1067 2733 -
1092 2692 1207 2748 νοστεῖν
1222 2695 1268 2748 ter
1280 2709 1305 2748 ο.

231 2811 289 2851 aee.
312 2791 432 2868 repperi
453 2792 480 2852 Ι.
506 2792 540 2851 Τ.
564 2797 635 2866 522,
658 2792 727 2852 Hel.
754 2798 829 2865 890,
855 2799 954 2866 1024,
987 2813 1133 2872 nusquam
1155 2792 1305 2869 praeposi·

230 2893 342 2953 tionem
363 2913 461 2954 seeum
491 2895 597 2970 habet,
632 2896 713 2975 quod
743 2896 822 2955 idem
843 2896 926 2956 valet
948 2898 984 2955 de
1006 2895 1159 2955 νίσσεσθοι
1196 2916 1219 2955 ο.
1244 2916 1303 2958 aee.

233 2997 324 3058 Phoe.
349 3001 439 3057 1234.
478 2997 558 3075 Oyol.
583 3002 632 3057 43.
656 3032 699 3042 -
721 2999 795 3057 Heu.
821 3004 901 3059 1083
925 2991 978 3058 τάν
1009 2997 1039 3068 ἒς
1061 2997 1141 3057 Atto
1163 2993 1304 3078 πορθμόν

231 3090 293 3183 ᾆξαν
315 3091 421 3174 τάλας,
456 3119 480 3159 ο.
505 3097 547 3170 είς
568 3100 614 3158 ΕΙ.
639 3106 710 3174 842,
739 3101 828 3161 Phoe.
853 3102 924 3176 471,
954 3102 1025 3179 Sup.
1045 3107 1134 3175 1068,
1158 3104 1212 3161 Ion
1233 3106 1303 3162 339.

232 3234 274 3246 -
296 3203 368 3279 Sup.
392 3207 452 3263 589
476 3195 631 3281 ὁρμᾶσθαι
652 3239 694 3247 -
718 3203 871 3280 Καδμείαν
892 3198 1004 3282 χθόνα,
1032 3225 1056 3265 ο.
1079 3202 1121 3274 είς
1142 3206 1193 3266 Be.
1214 3208 1304 3277 1154,

231 3305 321 3364 Phoe.
345 3303 415 3378 728,
438 3307 493 3365 Ion
512 3306 583 3365 607.
605 3298 682 3385 τορός
703 3306 767 3366 Alo.
786 3312 876 3381 1042,
900 3307 968 3368 Tro.
986 3312 1056 3368 534.
1076 3342 1119 3352 -
1136 3309 1175 3368 Η.
1192 3309 1213 3367 f.
1236 3309 1302 3367 107.

230 3397 381 3486 άκάροφα
399 3403 533 3487 μέλαθρα
556 3405 606 3468 καί
623 3403 724 3489 γεραιαί
748 3403 842 3486 δέμνι’
864 3405 993 3487 ἐστάλην.
1037 3412 1117 3470 Med.
1139 3417 1199 3472 663
1223 3410 1250 3468 τί
1272 3404 1301 3468 δ’

231 3502 368 3586 tepores
390 3511 444 3590 γῆς
467 3503 605 3586 ἕστάληςς
627 3532 652 3571 o.
674 3505 751 3590 πρός
773 3513 841 3572 HeL
862 3516 954 3573 1441.
979 3517 1069 3573 1528.
1093 3548 1136 3558 -
1158 3515 1203 3573 El.
1223 3515 1300 3574 1271

233 3605 329 3688 χάσμα
353 3605 495 3673 δάσονται
515 3607 642 3691 χθονός,
673 3635 696 3674 o.
721 3612 762 3685 τίς
784 3616 825 3675 Η.
848 3617 869 3678 ί.
894 3621 965 3676 865.
989 3650 1031 3660 -
1053 3617 1143 3676 Phoe.
1167 3621 1228 3676 980
1251 3619 1308 3675 noi

232 3713 306 3791 δῆτα
327 3710 445 3795 φεύγοις
476 3715 541 3775 τίνα
563 3711 659 3777 πόλιν.
704 3718 832 3779 Multum
855 3719 956 3779 differt
977 3721 1013 3778 ab
1036 3739 1095 3779 aee.
1120 3726 1228 3794 trans,
1250 3721 1302 3799 qni

230 3819 391 3892 indicaret,
425 3840 513 3900 quam
544 3821 648 3880 urbem
670 3821 802 3895 fugeret,
835 3841 901 3882 oum
923 3821 987 3895 hio,
1019 3822 1052 3880 in
1082 3842 1170 3901 quam
1199 3823 1303 3897 fngiat,

231 3921 439 3998 interrogetur.
463 3956 504 3967 -
529 3924 606 3982 Med.
634 3927 714 3982 1132
738 3915 794 4003 tyni
818 3919 850 3983 δὲ
871 3921 974 4004 στέγας
995 3925 1145 4004 γυναικῶν
1166 3916 1220 3982 σάν
1241 3920 1304 3982 τίκ·

231 4046 294 4094 νοις
315 4016 369 4100 ἅμ’
395 4019 538 4102 ἑσπόμην.
562 4059 604 4070 ·-
627 4029 679 4085 Ion
699 4031 780 4086 1282
803 4021 907 4103 βωμὸν
929 4024 1050 4104 ἔκτηξιν
1071 4027 1147 4085 θεοῦ
1170 4027 1304 4101 confugit

231 4129 276 4185 ad.
311 4147 390 4186 aram
412 4160 454 4171 -
485 4129 560 4187 Rhe.
585 4133 645 4186 828
683 4125 791 4205 Τροίας
822 4119 896 4188 άοτυ
925 4125 1031 4188 κέλσαι.
1054 4163 1095 4174 -
1119 4135 1179 4188 233
1208 4127 1302 4187 ἵκοιτο

232 4225 283 4287 καί
305 4222 435 4305 κάμψειε
457 4223 544 4288 πάλιν
566 4225 700 4306 θυμέλας
721 4227 813 4289 νίκων
834 4225 948 4310 πατρός
969 4235 1072 4292 redeat
1097 4234 1142 4292 ed.
1167 4264 1208 4274 -—
1229 4231 1300 4308 Sup.
