3222 4936
682 507 885 573 -81..

247 683 353 743 autem.
367 681 556 757 grammatica
579 701 639 742 non
655 681 803 741 convenit.
847 683 949 760 Atque
970 683 1005 740 ut
1026 681 1148 740 verbum
1171 680 1227 739 duo
1249 678 1317 741 illos
1345 701 1349 706 “

247 803 307 844 aco.
328 785 407 844 ferre
437 803 497 843 non
519 785 628 860 possit,
660 783 743 844 cuius
765 783 809 842 rei
831 783 969 862 equidem
1000 802 1114 842 causam
1138 801 1196 841 uon
1220 781 1341 857 video„

246 890 433 946 tamencum
455 888 627 947 Hermanno
658 886 783 966 aliisque
816 887 911 946 locum
942 904 1002 944 non
1024 884 1214 958 mutaverim,
1246 883 1317 963 quia

247 987 422 1063 difficultas,
455 989 481 1049 si
500 989 618 1069 quidem
640 991 737 1062 adest,
759 988 905 1048 removeri
927 992 1026 1064 potest
1048 987 1173 1062 virgulis
1196 992 1264 1047 ante
1287 991 1317 1045 et

246 1096 313 1169 post
334 1089 393 1172 ίργ.
418 1085 465 1152 σἰν.
488 1091 609 1169 positis,
640 1098 673 1151 ut
694 1090 841 1168 appositio
870 1090 952 1152 insit.
996 1091 1043 1150 Ita
1073 1094 1170 1151 autem
1192 1090 1315 1156 verbum

246 1191 376 1272 ἐπαίρειν
397 1195 528 1254 construi
550 1213 636 1271 posse
658 1194 760 1255 videas
790 1194 864 1254 Her.
891 1193 948 1252 173
973 1190 1001 1252 εί
1019 1213 1046 1251 τι
1070 1185 1156 1251 τοῦτό
1179 1185 1207 1249 σ’
1233 1187 1315 1251 ἐπαί-

181 1317 184 1321 ’
246 1316 298 1372 ρει.
322 1331 364 1340 -
392 1298 483 1358 Phoe.
513 1301 590 1356 1401
622 1291 680 1355 κᾶν
707 1294 782 1377 τῷδε
810 1288 915 1376 μόχθῳ
945 1287 1058 1374 γυμνδν
1087 1281 1169 1371 οἷμον
1199 1286 1317 1352 είσιδοδν

247 1391 265 1458 δ
279 1394 395 1479 πρόσθε
412 1381 539 1479 τρωθείς
554 1395 657 1477 στέρνα
675 1397 878 1468 Πολυνείκους
898 1396 949 1481 βίηι
965 1397 1047 1475 διῆκε
1061 1390 1174 1476 λόγχην.
1220 1396 1315 1456 Locus

245 1500 445 1574 difficillimus,
468 1501 551 1560 cuius
567 1500 833 1561 inconcinnitatem
848 1501 975 1560 editores
990 1520 1094 1576 parum
1109 1502 1314 1576 respexerunt.

244 1602 455 1688 Coniungenda
477 1610 547 1664 sunt
569 1602 673 1680 στέρνα
695 1601 780 1679 διῆκε
801 1596 907 1681 λόγχην
922 1603 973 1662 sol.
988 1602 1131 1676 Eteocles,
1156 1601 1203 1661 oui
1224 1602 1314 1660 frater

243 1706 332 1785 (Πολ.
357 1703 420 1782 βία)
447 1707 541 1765 femur
571 1705 630 1766 iam
652 1706 812 1782 percussit,
846 1705 935 1765 huius
964 1709 1067 1781 pectus
1095 1706 1180 1764 hasta
1207 1703 1314 1764 traicit.

242 1809 417 1886 Polynicem
439 1813 536 1869 autern
559 1809 601 1868 ita
620 1810 807 1869 vulneratum
829 1808 888 1868 iam
909 1828 1010 1886 pugna
1025 1807 1165 1867 desistere
1182 1808 1315 1868 crederes

243 1930 340 1991 neque
363 1930 432 1970 ense
447 1911 587 1972 destricto
610 1912 661 1972 diu
683 1933 748 1972 cum
771 1913 862 1972 fratre
877 1917 999 1984 certare,
1020 1917 1055 1970 ut
1075 1910 1174 1972 verbis
1189 1928 1315 1988 sequen-

242 2011 323 2071 tibus
344 2017 488 2072 narratnr.
532 2015 671 2088 Accedit,
701 2018 781 2095 quod
802 2017 938 2076 Eteocles
960 2017 1115 2074 humerum
1136 2013 1238 2074 fratris
1260 2032 1314 2072 nu-

244 2115 313 2174 dum
330 2114 419 2187 vidit3
440 2115 467 2174 is
488 2114 589 2192 igitur,
612 2136 672 2177 non
695 2123 797 2194 pectus
819 2119 915 2194 clipeo
930 2123 1049 2192 tectum,
1071 2120 1154 2177 hasta
1169 2116 1314 2194 petendus

243 2221 314 2278 arat.
358 2217 495 2298 Denique
510 2201 576 2295 ipsa
597 2219 775 2280 constructio
793 2220 966 2280 offensionis
981 2220 1095 2301 aliquid
1113 2221 1211 2282 habet.
1255 2219 1314 2276 De-

242 2320 389 2381 sideratur
411 2321 490 2380 anim
512 2318 640 2401 στέρνων
661 2329 696 2382 ut
716 2322 808 2383 Phoe.
835 2326 913 2381 1099
937 2320 1023 2396 ξίφος
1044 2322 1158 2406 λαιμῶν
1179 2319 1262 2398 διῆκε
1285 2325 1315 2381 et

245 2427 326 2482 1399
342 2416 456 2500 κνήμης
478 2443 507 2482 τε
523 2420 694 2502 διεπέρασεν
710 2419 797 2503 δόρυ.
842 2423 923 2488 Quas
938 2424 1128 2485 difficultates
1145 2444 1206 2484 non
1220 2426 1314 2483 habeo

243 2545 300 2605 quo
323 2525 433 2586 tollam.
477 2527 602 2586 Porsoni
633 2527 713 2587 enim
735 2527 904 2588 coniectura
925 2520 1015 2610 λόγχη
1038 2548 1098 2588 non
1116 2528 1238 2588 ferenda
1260 2531 1314 2599 ast,

242 2628 354 2708 quippe
377 2649 452 2709 quae
473 2631 561 2707 plane
583 2626 685 2690 contra
708 2631 793 2691 verbi
815 2631 1061 2693 constructionem
1083 2631 1185 2707 faciat,
1217 2649 1313 2710 noque

241 2732 446 2792 Hermannum
469 2738 586 2792 secutus
607 2732 672 2822 ¹sirn,
700 2733 752 2813 qui
774 2733 961 2810 sagacissime
982 2727 1111 2813 σπερχνοί
1133 2753 1187 2811 pro
1209 2728 1315 2811 στέρνα

241 2833 303 2908 legi
318 2833 421 2894 voluit
464 2835 615 2895 maerim
638 2856 706 2910 vox,
729 2837 850 2896 omnino
866 2837 1024 2911 rarissima,
1046 2838 1126 2914 apud
1141 2835 1313 2912 Euripidem

243 2954 303 2995 non
324 2935 448 3011 legitur,
470 2945 504 2998 ut
525 2939 694 2999 coniectura
716 2959 780 2998 eam
801 2939 934 3016 recipere
957 2945 1096 3014 gravatus
1118 2938 1182 3012 sim,
1209 2943 1239 2997 et
1260 2935 1312 2997 illo

242 3038 306 3099 loco
336 3059 396 3100 non
419 3043 518 3117 potest
548 3061 607 3101 non
636 3061 703 3101 cnm
725 3041 851 3121 τρωθείς
883 3043 1037 3118 coniungi,
1070 3062 1136 3102 oum
1158 3042 1313 3102 referenda

242 3142 282 3203 sit
302 3145 339 3202 ad
361 3140 453 3219 διῆκε.

327 3243 441 3308 Quodsi
462 3247 553 3306 verba
575 3247 737 3326 composita
759 3253 880 3326 propter
895 3247 1125 3326 praepositionis
1146 3247 1208 3308 vim
1230 3268 1314 3308 accu-

242 3347 369 3409 sativum
390 3348 480 3408 talem
502 3349 579 3408 ferre
596 3357 728 3427 possunt,
750 3350 852 3411 mirari
873 3351 952 3425 licet,
975 3353 1054 3432 quod
1072 3349 1219 3429 simplicia
1241 3371 1312 3430 quo·

243 3470 301 3529 que
324 3452 425 3510 eodem
448 3453 535 3512 modo
558 3458 777 3514 construuntur.
823 3454 890 3514 Tro.
915 3460 975 3516 876
1006 3451 1163 3532 πέμψομέν
1187 3475 1232 3514 νιν
1251 3445 1312 3510 Ἑλ-

241 3547 323 3613 λοὶδα.
369 3555 434 3614 Alc.
456 3560 524 3614 495·
542 3549 573 3614 σέ
597 3553 751 3615 Θεσσαλῶν
780 3550 878 3635 χθόνα
900 3554 1016 3636 πέμπει.
1061 3560 1085 3617 Ι.
1109 3564 1144 3618 Α.
1169 3558 1239 3618 577.
1270 3588 1312 3600 -

241 3657 267 3716 Ι.
291 3656 324 3716 Τ.
352 3661 430 3716 1099
454 3653 485 3718 σέ
513 3653 566 3735 μέν
596 3649 678 3718 οἶκον
706 3653 775 3732 ι’ίξει.
820 3661 886 3721 Tro.
914 3667 971 3721 188
1002 3660 1045 3731 τίς
1074 3653 1103 3737 μ’
1132 3651 1269 3739 Ἀργείων
1292 3651 1313 3735 ἢ

247 3759 391 3819 Φθιωτᾶν
421 3752 441 3837 ἢ
463 3761 587 3836 νησαίαν
618 3755 681 3833 ι’ίξει
709 3756 821 3841 χοίρανς
855 3765 901 3823 ΕΙ.
927 3770 986 3823 590
1011 3758 1042 3822 ci
1067 3753 1139 3828 θεδς
1168 3752 1312 3838 οἱμετέραν

243 3854 306 3942 δι’γει
328 3860 421 3921 νίκαν.
444 3897 486 3907 -
509 3862 576 3923 Tro.
598 3868 676 3922 1083
700 3863 852 3941 νομίζουσί
874 3860 904 3940 μ’
926 3859 1040 3940 Ἀχαιοὶ
1062 3856 1204 3936 Σαλαμῖν’
1230 3854 1312 3940 ίερδν

242 3956 263 4041 ἢ
286 3962 411 4044 δίπορον
431 3957 571 4043 κοροφδν
585 3959 733 4042 Ἴσθμιον.
756 4000 798 4009 -
823 3968 902 4025 1078
927 3960 977 4041 ἐμὲ
1000 3959 1031 4024 δὲ
1052 3957 1174 4022 πόντιον
1197 3955 1312 4037 σκύφος
1335 3979 1340 3989 ·

243 4059 380 4147 πορεύσει
393 4059 513 4147 Ἄργος.
535 4101 578 4111 -—
600 4069 624 4129 I.
647 4073 683 4128 Α.
705 4072 784 4127 1110
808 4061 927 4146 ποίρεισι
948 4060 1091 4147 προχύται
1112 4059 1228 4140 βάλλειν
1249 4068 1310 4146 πῦρ

241 4163 420 4249 καθάρσιον.
464 4170 509 4230 El.
534 4174 593 4231 801
626 4165 724 4247 λαβοίν
754 4166 786 4228 δέ
815 4163 963 4249 προχύτας
990 4167 1090 4247 έβαλλε
1117 4162 1246 4246 βωμούς.
1268 4205 1310 4214 --

243 4275 267 4332 1.
291 4274 324 4334 Τ.
352 4279 428 4334 1213
461 4268 532 4353 φέρε
556 4265 581 4334 δ’
604 4265 660 4334 ίνιν
684 4266 743 4333 sisui
774 4267 911 4354 δειράδος
943 4271 1069 4342 εἰναλίας
1088 4275 1184 4350 λοχεῖα
1213 4267 1311 4334 κλεινδ

1087 4382 1105 4435 6
