3222 4936
745 472 938 536 ..2-

308 641 413 716 elegit,
446 646 497 715 ut,
533 645 669 703 ubertate
700 648 903 723 exemplorum
934 668 950 705 e
978 647 1124 726 Sophocle
1155 649 1377 726 desumptorum

309 765 375 804 oum
396 747 499 822 paucis
521 746 581 804 illis
605 749 781 825 composita,
805 750 870 808 fieri
893 770 952 808 non
977 749 1086 825 possit,
1117 751 1189 829 quin
1213 753 1249 809 de
1272 760 1377 828 poetae

308 848 440 907 dictione
463 869 619 925 perperam
641 850 802 910 iudicaturi
825 853 916 911 simus
939 856 970 912 et
993 873 1158 911 sermonem
1181 873 1318 927 mecum
1341 858 1376 914 ab

307 951 450 1028 Euripide
481 972 541 1009 non
572 953 658 1011 modo
690 974 748 1011 non
781 955 931 1013 excultum
962 956 1012 1013 sed
1040 955 1073 1012 in
1094 957 1255 1016 deteriores
1277 965 1377 1035 partes

306 1058 452 1113 mutatum
484 1075 547 1113 esse
579 1056 766 1129 arbitremur.
812 1057 895 1121 Quod
928 1058 1018 1132 longe
1041 1077 1058 1115 a
1088 1077 1159 1117 vero
1185 1060 1288 1118 abesse
1311 1061 1377 1139 quis

307 1155 424 1214 nescit?
482 1158 639 1235 Euripides
671 1159 750 1217 enim
781 1166 904 1237 propter
933 1160 1099 1219 fabularum
1133 1162 1376 1238 compositionem

307 1257 439 1337 eliasque
461 1278 518 1332 res,
543 1261 650 1338 quibus
673 1281 739 1319 eum
755 1266 785 1319 et
800 1263 950 1340 Aeschylo
974 1269 1004 1321 ct
1022 1263 1161 1339 Sophocli
1183 1264 1308 1322 multum
1330 1283 1375 1322 oe-

307 1360 376 1419 dcre
398 1361 478 1420 inter
501 1383 602 1421 omnes
624 1369 757 1436 constat,
778 1363 850 1422 licet
871 1365 936 1423 iure
958 1367 1156 1441 reprehensus
1179 1366 1234 1438 sit,
1256 1367 1288 1424 in
1313 1367 1375 1424 eius

307 1463 466 1522 dictionem
490 1465 614 1523 erimina
635 1466 688 1524 illa
710 1466 832 1524 minime
855 1469 1035 1526 conferenda
1058 1474 1135 1539 sunt,
1157 1468 1189 1524 in
1208 1487 1266 1546 qua
1288 1474 1376 1545 poeta

306 1586 366 1624 non
398 1566 491 1624 solum
515 1569 567 1639 iis,
605 1588 680 1647 quae
713 1568 876 1626 subtilioris
900 1570 1043 1628 sermonis
1064 1570 1186 1647 proprie
1208 1576 1300 1641 erant,
1324 1590 1376 1646 op·

306 1669 379 1728 time
402 1674 432 1727 et
453 1669 605 1743 eleganter
626 1690 696 1728 usus
719 1677 772 1739 cst,
796 1673 846 1729 sed
863 1691 1006 1732 novarum
1029 1691 1146 1752 quoque
1170 1677 1199 1730 et
1221 1691 1315 1748 paene
1331 1673 1376 1730 in-

308 1771 467 1830 solentium
491 1773 744 1832 constructionum
767 1774 954 1834 inventorem
985 1775 1135 1834 sollertem
1164 1795 1195 1832 se
1217 1775 1374 1851 praestitit.

307 1875 395 1939 Quod
419 1874 454 1932 de
477 1875 541 1952 ipso
565 1876 733 1935 accusativo
757 1877 844 1949 valet,
869 1897 970 1956 quem,
994 1877 1230 1936 austerioribus
1252 1876 1374 1952 scripto·

305 1977 387 2036 ribus
419 1982 522 2035 ornate
551 1984 581 2036 et
611 1979 772 2036 artificiose
803 1979 986 2056 adhibitum,
1019 1978 1175 2054 Euripides
1206 1979 1374 2054 saepissime

304 2078 358 2138 tali
381 2080 467 2138 modo
491 2080 520 2137 in
543 2099 629 2138 usum
652 2080 785 2153 vocavit,
816 2089 849 2139 ut
872 2101 937 2139 cum
961 2099 1046 2137 suum
1062 2099 1227 2139 sermonem
1250 2099 1375 2140 exorne-

305 2186 361 2254 1et,
384 2187 448 2241 tum
470 2182 590 2256 linguae
613 2201 735 2256 graecae
759 2182 937 2242 excolendae
960 2183 1084 2241 multum
1106 2183 1275 2260 profuisset.

390 2283 436 2342 De
466 2285 634 2345 accusativo
665 2285 757 2344 multe
785 2284 844 2343 iam
875 2286 986 2361 scripte
1022 2305 1085 2343 esse
1116 2291 1204 2343 antea
1230 2285 1374 2357 diximus;

305 2406 363 2466 que
377 2387 410 2445 in
424 2407 457 2446 re
473 2389 633 2465 praecipue
649 2408 666 2446 a
681 2387 826 2464 Sophocle
842 2389 899 2448 riri
916 2389 994 2447 docti
1010 2389 1134 2465 profecti
1152 2394 1229 2445 sunt.
1263 2389 1373 2445 Esche-

303 2509 354 2548 rus
376 2489 408 2547 in
431 2491 618 2566 praefatione
640 2491 857 2549 dissertationis
878 2510 956 2561 suec,
980 2509 1023 2562 ea,
1046 2509 1122 2568 quae
1144 2491 1179 2546 de
1202 2488 1389 2546 accusativo

303 2597 422 2669 praesto
446 2599 529 2663 sunt,
553 2593 673 2665 collegit
695 2601 725 2650 et
747 2593 865 2668 copiose
888 2593 1041 2669 exposuit,
1070 2597 1103 2650 ut
1125 2592 1226 2650 eodem
1250 2589 1370 2662 negotio

305 2695 497 2770 supersedere
519 2695 617 2752 liceat.
662 2695 718 2753 ded
751 2714 817 2753 oum
848 2701 952 2772 postea
973 2695 1059 2753 nobis
1088 2696 1124 2752 de
1146 2694 1268 2752 notione
1290 2692 1372 2752 etri

305 2797 466 2856 accusativi
498 2797 654 2855 dicendum
686 2797 741 2872 sit,
771 2816 809 2854 ne
839 2799 1001 2856 sententias
1032 2798 1067 2856 de
1100 2817 1134 2855 eo
1158 2798 1218 2855 iam
1241 2795 1372 2870 prolatas

303 2898 473 2971 neglexisse
506 2899 676 2971 videamur,
709 2899 810 2975 paucis
841 2917 890 2956 ees
912 2900 1058 2973 attingere
1081 2918 1201 2957 neccsse
1230 2904 1282 2956 est.
1336 2898 1373 2955 In

304 2999 513 3059 dissertatione
535 3009 633 3060 autem
656 3002 691 3059 de
714 3001 883 3060 accusativo
914 3022 1059 3060 summum
1082 3002 1223 3060 momenti
1248 3001 1373 3071 obiecto,

304 3103 384 3181 quod
407 3103 519 3162 dicitur
539 3103 677 3161 interiori
701 3103 749 3163 vel
771 3104 940 3163 accusativo
973 3105 1162 3176 immanenti,
1194 3103 1226 3161 in
1250 3122 1307 3181 quo
1330 3101 1373 3158 di-

306 3204 393 3262 cendi
415 3206 560 3264 formulae
583 3206 800 3283 pulcherrimae
823 3212 852 3264 et
874 3206 993 3279 linguae
1016 3226 1138 3281 graecae
1158 3204 1296 3283 propriae
1326 3203 1373 3260 in-

305 3307 474 3379 veniantur,
497 3310 686 3366 tribuendum
703 3329 767 3367 esse
782 3313 1014 3367 consentaneum
1029 3316 1082 3381 est,
1106 3329 1171 3367 oum
1187 3305 1373 3364 accusativus

306 3409 415 3468 obiecti
438 3411 485 3469 vel
509 3412 694 3483 transitivos,
718 3412 828 3490 quippe
852 3411 934 3468 ouius
956 3432 1026 3469 usus
1049 3412 1080 3469 in
1104 3410 1239 3469 omnibus
1262 3405 1374 3480 linguis

304 3511 385 3570 idem
407 3513 471 3572 fere
494 3513 533 3570 sit
555 3518 585 3571 et
606 3535 654 3572 res
675 3514 833 3571 inusitatos
862 3531 920 3570 non
945 3512 1063 3586 offerat,
1092 3512 1212 3571 brevius
1242 3507 1374 3586 expediri

305 3614 452 3691 possit1).

375 3747 401 3813 1)
424 3751 463 3799 De
487 3751 630 3799 accusativo
656 3751 801 3798 immanenti
825 3752 890 3811 apud
915 3750 1062 3810 Euripidem
1086 3764 1235 3810 quamquam
1259 3746 1377 3795 disseruit

306 3835 451 3895 Guenther,
480 3837 529 3901 (De
553 3836 645 3883 obiocti
669 3837 736 3896 quod
762 3836 854 3882 dicitur
871 3835 997 3882 interioris
1021 3851 1068 3882 usu
1085 3836 1229 3894 Euripidae.
1271 3832 1375 3890 Leipzig

306 3922 383 3983 1868)
408 3926 492 3969 tomen
517 3923 582 3968 hunc
606 3935 687 3968 meum
713 3921 825 3968 laborem
849 3922 948 3968 inanem
976 3935 1025 3968 non
1051 3922 1161 3967 futurum
1187 3933 1240 3966 esse
1267 3917 1374 3964 confido.

304 4007 367 4052 Nem
385 4005 544 4054 Guentherus
563 4012 587 4054 et
605 4007 675 4054 illum
693 4007 863 4053 accusativum
889 4007 963 4052 nimis
980 4006 1094 4066 angustis
1119 4005 1211 4052 finibus
1236 4003 1376 4051 coercuisse

304 4091 366 4136 mibi
383 4091 484 4138 videtur
503 4096 527 4138 et
544 4092 636 4138 multas
654 4093 852 4139 constructiones
870 4106 920 4138 non
939 4105 968 4138 ea
987 4092 1157 4151 exemplorum
1176 4089 1250 4148 copia
1268 4088 1376 4134 illustre·

304 4177 351 4234 vit,
371 4181 528 4237 quampoete
545 4176 648 4236 praebet
660 4191 782 4236 quaeque,
801 4178 882 4237 qualis
900 4178 933 4225 sit
950 4183 1039 4237 poetae
1051 4175 1128 4223 dictio
1141 4178 1166 4222 et
1178 4173 1302 4233 quomodo
1323 4186 1377 4218 eam

304 4261 449 4322 excoluerit,
468 4263 628 4310 demonstrat.
