3222 4936
699 429 892 494 ..9-

259 598 334 657 aliae
357 598 444 658 aliam
467 598 616 658 notionem
640 600 762 672 habent,
790 600 975 659 adhibendae
997 603 1076 672 sunt,
1098 600 1263 678 quibusque
1283 619 1331 673 ge·

258 720 330 760 nera
351 701 403 760 illa
425 701 515 760 statui
537 707 669 778 possunt,
692 701 828 760 omittere
843 721 903 761 non
925 702 1004 773 lieet,
1027 701 1144 760 dicendi
1160 701 1332 760 facilitatem

257 802 339 862 illam
362 803 513 877 sermonis,
537 823 595 863 non
619 823 701 862 casus
716 803 866 880 propriam
889 824 961 877 osse,
983 823 1139 880 perperam
1160 809 1256 863 autom
1279 824 1332 862 uos

258 905 439 966 iudicaturos
461 925 541 979 esse,
573 905 598 964 si
620 925 637 964 e
659 911 775 965 nostrae
799 904 917 981 linguae
948 905 1077 966 diutione
1109 925 1230 981 graecae
1251 908 1333 982 leges

259 1008 402 1067 deducere
424 1017 455 1068 et
476 1010 552 1067 hanc
574 1008 626 1067 illa
648 1007 829 1067 constituere
848 1008 1003 1069 vellemus.
1049 1011 1154 1086 Itaque
1176 1009 1201 1068 si
1223 1009 1253 1068 iu
1276 1031 1332 1084 αη-

260 1108 423 1168 discedis
445 1110 629 1170 accusativus
651 1109 921 1186 praepositionibus
944 1111 1052 1184 durch,
1081 1111 1129 1184 in,
1161 1113 1226 1184 aul,
1256 1114 1331 1171 nach

259 1213 336 1272 vorti
357 1217 470 1289 potest,
493 1215 549 1273 hoc
571 1211 635 1288 ipso
659 1232 727 1272 casu
749 1233 809 1272 non
832 1211 969 1286 efficitur,
992 1212 1045 1290 qui
1067 1215 1168 1272 eodem
1191 1215 1276 1273 modo
1299 1222 1333 1273 ut

258 1317 336 1392 apud
365 1317 488 1375 verbum
517 1313 707 1374 transitivum
738 1314 816 1372 nihil
845 1315 926 1373 aliud
948 1314 1110 1388 significat,
1141 1315 1200 1374 nisi
1230 1336 1331 1375 vocem

258 1415 346 1476 πεδία
367 1418 570 1498 aliquomodo
593 1419 629 1476 ad
653 1414 752 1492 πηδᾶν
771 1418 956 1476 referendam
975 1434 1055 1493 esae;
1078 1417 1200 1497 quinam
1222 1419 1261 1478 sit
1282 1419 1332 1478 hio

261 1522 373 1594 modus,
396 1522 597 1580 tantummodo
614 1539 630 1577 e
645 1521 803 1579 verborum
825 1539 939 1580 conexu
956 1520 1061 1580 elucet.
1084 1520 1149 1585 Qua
1164 1520 1197 1578 in
1218 1541 1331 1581 recum

260 1643 374 1682 errores
396 1623 482 1683 facile
505 1623 624 1686 evenire
643 1627 772 1699 possent,
795 1643 899 1698 prosae
922 1623 1063 1682 orationis
1085 1623 1243 1699 scriptores
1265 1624 1331 1683 tali-

257 1728 312 1786 bus
341 1727 516 1786 accusativis
538 1725 773 1802 praepositiones
802 1726 976 1804 plerumque
1006 1726 1229 1803 praetulerunt,
1264 1747 1330 1785 cum

257 1834 362 1905 poetae
384 1848 444 1888 non
468 1835 527 1888 tam
550 1836 702 1888 accuratae
724 1827 849 1887 dictioni
871 1829 1005 1889 adstricti
1035 1831 1090 1888 hac
1112 1829 1330 1888 constructione

256 1932 428 2009 frequenter
449 1930 583 1991 adhibita
613 1951 777 1990 sermonem
808 1952 893 1990 suum
925 1931 1123 2009 pulcherrime
1153 1937 1332 1990 exornarent

257 2053 381 2112 eamque
411 2034 480 2093 inde
510 2036 547 2093 ab
570 2034 695 2093 Homeri
724 2038 819 2092 astate
851 2034 945 2110 magis
976 2033 1128 2112 magisque
1150 2035 1329 2093 excolerent.

256 2137 468 2213 Exemplorum
491 2137 584 2213 copia,
614 2156 689 2214 quae
712 2135 872 2196 accusativi
895 2157 965 2195 usus
987 2137 1019 2194 in
1042 2137 1194 2214 Euripidis
1216 2141 1331 2210 tragoe-

257 2239 316 2300 diis
339 2239 449 2319 ubique
472 2240 567 2312 offert,
590 2259 628 2296 ue
650 2240 807 2298 obruamur
829 2259 906 2298 neve
927 2241 1042 2311 fructu,
1065 2239 1116 2318 qui
1139 2259 1155 2298 e
1177 2240 1250 2298 locis
1272 2240 1331 2299 col·

257 2342 343 2402 lectis
364 2342 538 2420 percipitur,
560 2341 721 2418 privemur,
743 2341 887 2400 rationem
903 2347 1032 2401 statuere
1054 2361 1173 2401 necesse
1196 2348 1249 2414 est,
1273 2361 1331 2420 qua

259 2445 383 2505 materia
413 2446 466 2505 illa
487 2444 684 2505 constituatur
711 2451 741 2502 et
763 2443 921 2518 digeratur.
966 2443 1141 2520 Rumpelius
1168 2446 1247 2522 quod
1269 2463 1330 2503 cer-

259 2553 320 2608 tam
344 2549 545 2625 exemplorum
574 2548 752 2607 divisionem
774 2547 929 2624 impugnat
951 2566 1074 2624 eamque
1106 2567 1122 2606 a
1144 2567 1247 2623 graeco
1270 2566 1330 2607 ser-

257 2670 343 2710 mone
373 2653 511 2710 absonam
541 2670 605 2711 esse
627 2650 793 2723 contendit,
826 2655 905 2710 recto
934 2650 987 2708 ille
1017 2649 1137 2728 quidem
1165 2649 1251 2723 facit,
1286 2649 1330 2709 ita

256 2757 361 2826 autom,
383 2761 418 2812 ut
440 2773 605 2826 caveamus,
639 2774 676 2812 ne
699 2759 831 2813 nostram
853 2752 1020 2812 versionem
1050 2754 1088 2811 ad
1110 2754 1201 2812 verba
1223 2771 1328 2827 graeca

258 2858 467 2917 transferamus
489 2877 612 2935 eamque
640 2857 733 2916 secuti
756 2855 918 2914 accusativi
940 2875 1048 2930 genera
1069 2861 1239 2914 statuamus.
1282 2856 1330 2913 Ex

256 2958 321 3035 ipsa
343 2965 440 3020 autem
461 2960 578 3034 lingua,
610 2959 636 3018 si
658 2959 722 3018 fieri
746 2964 859 3034 potest,
882 2958 1107 3037 dispositionem
1131 2960 1328 3036 quaerendam

258 3080 336 3135 osse,
360 3082 396 3122 ne
419 3083 466 3123 res
488 3063 570 3122 rudis
591 3063 797 3141 indigestaque
819 3063 909 3122 moles
932 3063 999 3134 fiat,
1022 3082 1107 3121 nemo
1131 3062 1295 3136 negaverit.

342 3164 424 3228 Quae
440 3186 487 3225 res
508 3166 541 3225 in
555 3167 721 3226 accusativo
746 3165 877 3225 evorbis
893 3165 1060 3226 transitivis
1078 3170 1147 3241 apto
1170 3163 1328 3225 difficulta-

256 3271 301 3328 tes
323 3287 383 3328 non
401 3270 492 3328 habet
511 3275 541 3328 et
558 3269 680 3327 levioris
695 3268 838 3327 momenti
861 3274 914 3328 est.
958 3270 1064 3346 Itaque
1087 3267 1200 3327 differri
1222 3272 1328 3344 potest,

256 3370 325 3430 dum
362 3374 398 3430 ad
433 3371 528 3447 ipsam
566 3390 627 3429 rem
665 3372 846 3429 tractandam
884 3371 1118 3447 pervenerimus.
1169 3369 1329 3428 Difficilior

256 3478 356 3533 autum
374 3475 506 3554 quaestio
523 3473 636 3546 existit,
659 3476 805 3552 quomodo
822 3474 966 3550 exempla,
989 3477 1116 3553 quae-ad
1130 3473 1328 3533 accusativum

255 3578 467 3652 paratacticum
489 3576 656 3654 pertinent,
690 3597 777 3655 quem
807 3577 839 3634 in
862 3577 918 3635 hac
941 3576 1147 3636 dissertatione
1170 3575 1328 3652 praecipue

257 3681 416 3757 spectaturi
438 3701 546 3753 sumus,
570 3680 753 3756 disponenda
776 3679 844 3739 sint.

341 3781 406 3845 Quo
435 3783 468 3842 in
490 3784 656 3842 accusativo
678 3785 831 3842 tractando
853 3784 1029 3862 plerumque
1050 3781 1202 3858 incipiunt
1226 3783 1263 3840 ab
1294 3801 1328 3840 ea

256 3886 487 3960 constructione,
519 3886 553 3944 in
576 3905 634 3964 qua
654 3887 779 3946 verbum
809 3905 875 3945 cum
899 3885 1083 3944 substantivo
1106 3883 1236 3942 eiusdem
1259 3884 1327 3942 stir-

256 3987 303 4064 pis
334 3989 522 4048 coniuuctum
553 3995 613 4061 est,
651 4010 668 4047 a
697 3989 792 4064 figura
821 3987 1032 4066 etymologica,
1069 3987 1153 4045 velut
1183 3979 1327 4064 ἁμαρτίαν

257 4081 450 4168 ἁμαρτάνειν,
473 4093 543 4170 quia
564 4093 612 4151 his
634 4092 814 4152 dictionibus
837 4091 962 4169 optime,
986 4091 1057 4170 quid
1080 4090 1120 4148 sit
1142 4090 1326 4149 accusativus

255 4192 315 4268 ille,
339 4196 563 4256 demonstratur.
610 4194 692 4258 Quae
707 4195 859 4267 formulae,
882 4215 940 4273 quo
962 4199 1031 4254 sunt
1051 4193 1161 4270 puerili
1181 4193 1244 4252 fere
1266 4211 1326 4252 ser-
