3222 4936
653 431 976 525 -cc-¹

224 595 367 682 άρέσκειν.
412 605 581 664 Pronomen
609 605 700 681 igitur
727 606 779 666 ille
804 607 862 666 iam
895 611 964 668 ante
994 607 1094 668 oculos
1116 607 1222 667 habuit
1243 628 1294 667 ne-

224 726 282 787 que
305 727 360 783 ego
390 708 566 782 deleverim,
600 710 669 788 quia
692 715 809 770 servato
842 705 877 786 μέ
899 712 994 771 oratio
1018 710 1186 770 distinctior
1207 711 1242 770 fit
1266 717 1297 770 et

225 809 338 871 Orestis
360 811 540 884 defensioni,
574 831 633 891 qua
663 832 694 871 se
726 814 762 871 de
791 813 893 874 matris
922 814 1009 872 caede
1032 814 1173 874 adversus
1196 814 1296 872 Mene-

223 911 303 972 laum
333 918 469 988 excusat,
501 914 599 990 aptior
620 914 761 974 redditur.
784 951 826 959 —
849 916 917 975 Huc
940 936 1059 996 qnoque
1082 921 1196 992 spectat
1217 917 1295 975 Med.

227 1021 264 1074 12
288 1006 462 1075 άνδάνονσα
490 1011 543 1091 μὲν
565 1019 648 1099 φυγῇ
670 1019 797 1076 πολιτῶν
821 1005 864 1076 civ
893 1013 1017 1091 άφίκετο
1040 1012 1137 1094 χθόνα
1159 1018 1210 1078 sol.
1232 1020 1296 1077 Me·

225 1119 292 1192 dea,
325 1138 401 1198 quae
432 1119 605 1180 Corinthum
627 1120 720 1180 venit.
764 1121 931 1196 Nauckius,
966 1121 1078 1200 quippe
1108 1121 1159 1201 qui
1189 1122 1221 1180 in
1252 1127 1296 1182 at-

763 1243 805 1282 ων

224 1306 370 1366 tructione
400 1307 465 1380 illa,
503 1312 568 1366 orta
598 1327 636 1365 ex
672 1295 862 1378 πολίταις-οἷν
893 1309 1066 1381 offenderit,
1109 1311 1296 1385 sagacissime

223 1405 417 1468 λανθάνουσα
447 1410 633 1470 scribendum
662 1429 725 1470 esse
754 1411 896 1484 coniecit,
925 1413 1004 1491 quod
1035 1430 1124 1471 sensu
1152 1413 1296 1488 postulari

223 1512 326 1572 multis
346 1513 448 1572 verbis
477 1513 586 1572 frustra
608 1515 808 1573 demonstrare
831 1515 938 1574 studet.
982 1515 1089 1594 Neque
1109 1518 1232 1592 propter
1253 1515 1296 1574 of-

224 1616 391 1676 fensionem
414 1616 631 1690 grammaticam
653 1617 819 1677 mutatione
840 1637 913 1693 opus
936 1621 995 1690 est,
1024 1637 1090 1676 cum
1111 1617 1297 1679 attractionis

223 1719 305 1778 illius
335 1717 486 1791 inversae,
518 1739 594 1799 qnae
623 1719 745 1794 dicitur,
774 1720 847 1779 licet
873 1720 912 1780 sit
932 1720 1096 1795 rarissima,
1127 1720 1297 1796 exemplum

224 1821 324 1880 afferri
347 1821 442 1897 possit
463 1841 480 1880 e
502 1822 592 1898 Soph.
614 1822 659 1881 El.
677 1828 737 1882 653
761 1819 874 1895 φίλοισί
894 1841 924 1880 τε
946 1820 1092 1892 ξυνοῦσαν
1113 1818 1164 1880 καί
1187 1820 1296 1882 τέκνων

227 1917 305 1983 ὅσων
327 1944 371 2004 sq.
393 1925 445 1983 ubi
467 1945 533 2000 gen.
563 1921 674 1983 τέκνων
696 1945 712 1984 e
735 1926 835 1986 dativo
856 1927 1035 2001 repetendus
1058 1931 1112 1985 est.
1157 1929 1296 1985 Attamen

228 2027 253 2086 si
275 2028 350 2086 hanc
371 2028 620 2088 constructionem
642 2030 826 2089 audaciorem
848 2034 966 2107 poetam
989 2033 1122 2088 nostrum
1145 2027 1297 2088 admisisse

228 2150 288 2189 non
319 2131 536 2205 existimamus,
569 2131 682 2191 Orestis
711 2132 829 2191 fabulae
859 2151 947 2193 versu
968 2132 1020 2191 illo
1051 2131 1221 2191 testimonio
1250 2131 1297 2190 usi

226 2233 297 2312 quid
320 2235 431 2307 obstat,
464 2235 622 2313 quominus
643 2235 808 2310 genitivum
838 2236 875 2293 ad
904 2254 963 2294 acc.
993 2253 1179 2304 revocemus,
1208 2253 1296 2312 quem

224 2339 348 2397 verbum
375 2337 449 2397 illud
479 2339 562 2417 sequi
590 2357 677 2415 posse
707 2337 853 2399 vidimus?
887 2371 928 2380 —
957 2338 1121 2413 Singularis
1153 2339 1296 2416 quaedam

225 2421 414 2512 constructio¹
435 2447 481 2501 est
510 2441 559 2501 Or.
584 2441 643 2500 795
676 2438 704 2499 εί
729 2457 760 2498 σε
789 2434 830 2517 μή
862 2435 1033 2520 ἐπαρκέσω,
1065 2442 1143 2521 qnod
1174 2442 1297 2503 verbum

224 2542 290 2602 aliis
311 2543 384 2603 locis
406 2562 522 2623 semper
544 2564 568 2604 c.
591 2544 648 2604 dat.
674 2544 863 2604 coniunctum
885 2549 938 2604 est.

310 2646 379 2705 Alia
406 2649 511 2721 verba,
547 2666 623 2727 quae
650 2649 777 2724 proprio¹
804 2666 893 2707 sensu
918 2646 1108 2708 intransitiva
1140 2666 1205 2706 cum
1236 2647 1296 2708 dat.

225 2767 302 2826 pers.
325 2749 456 2810 construi
479 2751 584 2824 solent,
607 2751 763 2812 transitiva
778 2751 899 2810 notione
922 2750 1067 2810 instructa
1081 2748 1296 2809 acccusativum

225 2852 268 2911 rei
288 2858 405 2930 praeter
427 2853 558 2914 dativum
576 2853 751 2927 desiderant,
772 2853 858 2914 velut
880 2844 998 2932 άρήγειν
1019 2850 1077 2912 τινί
1099 2873 1126 2910 τι
1147 2852 1167 2910 1.
1184 2869 1209 2911 e.
1233 2850 1297 2927 opi·

226 2956 314 3016 talari
345 2956 421 3016 alcui
452 2961 554 3016 contre
575 2956 653 3037 alqd.
677 2959 706 3015 h.
730 2976 755 3015 e.
779 2974 878 3015 arcere
901 2955 979 3035 alqd.
1005 2957 1050 3014 ab.
1073 2953 1183 3033 aliquo.
1222 2954 1295 3013 Her.

228 3065 288 3121 840
312 3053 454 3136 αἰσχύνην
482 3052 575 3120 πόλει.
619 3061 697 3118 Μεδ.
732 3063 810 3117 1265
842 3051 940 3133 φόνον
970 3053 1092 3125 τέκνοις.
1135 3056 1201 3115 Ττο.
1235 3055 1295 3114 779

226 3159 311 3222 παιδί
341 3156 484 3222 θάνατον.
507 3196 549 3208 -
572 3155 695 3238 άμάνειν
727 3161 776 3222 Or.
801 3163 860 3220 617
890 3158 965 3242 τῷδε
988 3154 1093 3233 φόνον.
1135 3158 1211 3218 Rhe.
1235 3159 1295 3218 779

226 3266 325 3344 θῆρας
346 3259 495 3325 πώλοισιν.
540 3266 579 3326 Η.
601 3266 622 3324 f.
651 3270 707 3324 192
737 3266 780 3345 τῷ
801 3257 913 3339 σιάματι
936 3256 1081 3321 θάνατον.
1118 3262 1211 3321 Phoe.
1236 3262 1295 3320 745

226 3364 342 3447 τειχέων
371 3362 593 3447 προσαμβάσεις
616 3368 666 3427 sol.
688 3362 780 3426 πόλει.
804 3401 842 3410 -
866 3367 911 3425 El.
938 3371 1017 3425 1296
1047 3357 1104 3424 οάκ
1134 3355 1297 3442 ἠρκέσατον

226 3475 321 3551 κῆρας
342 3467 512 3549 μελάθροις.
535 3505 577 3515 -
599 3472 690 3530 Phoe.
714 3475 775 3528 938
805 3462 840 3538 δς
869 3471 988 3548 γηγενεῖ
1012 3460 1154 3546 δράκοντι
1174 3469 1300 3545 τιμωρεῖ

226 3569 332 3652 φόνον.
347 3611 390 3622 -
404 3575 516 3636 σαίνειν
536 3576 556 3636 1.
572 3595 597 3635 e.
621 3594 726 3633 canum
741 3592 823 3634 more
837 3572 966 3632 blandiri
981 3593 1005 3632 c.
1022 3591 1080 3632 aco.
1097 3575 1195 3630 exstat
1209 3570 1296 3646 plone

227 3680 373 3742 contraria
395 3679 612 3756 significatione
634 3679 709 3736 Rhe.
735 3680 772 3734 55
797 3673 889 3733 σαίνει
916 3668 941 3748 μ’
968 3670 1088 3750 ίνννχος
1112 3669 1295 3750 φρυκτωρία.

225 3785 282 3843 Ion
297 3783 357 3843 697
381 3777 418 3841 οδ
434 3776 492 3861 γάρ
508 3802 543 3858 με
558 3781 651 3840 σαίνει
666 3775 813 3854 θέσφατα.
829 3813 871 3822 -
886 3770 1035 3856 λατρεύειν
1049 3777 1096 3835 bis
1112 3795 1135 3835 c.
1152 3794 1212 3835 acc.
1227 3795 1296 3851 rep·

226 3888 291 3965 peri
314 3887 358 3948 El.
393 3891 450 3945 130
473 3884 537 3944 τίνα
559 3878 656 3956 πάλιν,
687 3884 752 3942 τίνα
783 3875 816 3940 δ’
849 3873 952 3953 οίκονς
982 3881 1008 3939 Ι.
1031 3879 1063 3938 Τ.
1097 3882 1177 3937 1090
1209 3869 1293 3934 παῖδ’

224 3985 469 4070 Ἀγαμεμνονίαν.
484 3981 690 4047 -οωπεάειν
713 3987 786 4046 Her.
801 3990 861 4044 983
885 3982 926 4044 σέ.
960 3983 1039 4043 Μοδ.
1053 3981 1114 4040 370
1138 3974 1231 4038 τάνδε.
1255 4012 1296 4022 -

225 4093 372 4174 λοιδορεῖν
393 4092 461 4151 Hel.
481 4094 561 4150 1170
586 4082 721 4166 ἐμαυτόν.
758 4085 831 4146 Ηοα
859 4091 937 4145 1215
962 4077 1113 4153 δεσπότας.
1138 4116 1180 4126 -
1203 4097 1295 4158 προσ-

229 4200 359 4272 ωφελεῖν,
390 4196 468 4276 quod
498 4213 615 4270 semper
642 4212 667 4253 ο.
697 4194 756 4251 dat.
780 4189 970 4264 coniungitur
996 4189 1046 4264 (cf.
1070 4187 1133 4246 Alc.
1156 4190 1194 4244 41
1220 4185 1296 4244 And.
