3222 4936
704 459 900 524 ..-6.-

355 629 488 702 Constet,
511 631 542 688 in
566 649 672 705 graeca
703 632 808 706 lingua
835 632 1036 692 accusativum
1065 633 1194 708 pendere
1216 651 1341 707 posses

269 729 440 806 phrasibus,
463 752 539 811 quae
561 735 715 792 notionem
735 734 956 794 intransitivam
980 734 1145 804 continent,
1168 733 1251 793 velut
1272 749 1341 811 συγ-

270 824 391 909 γνοίημυ
410 829 483 908 ἔχειν
505 828 568 893 τινά
590 836 610 894 i.
623 858 648 895 e.
673 830 901 914 συγγιγνώσκειν
924 834 989 893 srvi.
1032 833 1127 897 Quam
1142 835 1259 894 dicendi
1274 855 1342 911 pro·
1445 891 1449 898 .

269 934 425 1010 prietatem
447 943 481 994 ut
503 939 650 1015 expediat,
672 938 846 1016 Rumpelius
869 937 1015 1012 sagaciter
1044 937 1081 994 iis
1104 938 1203 997 verbis
1226 938 1342 1009 nititur,

272 1037 448 1115 quibuscum
470 1041 664 1113 accusativus,
687 1041 784 1116 primo
806 1041 953 1100 obieetive
975 1040 1116 1111 adiectus,
1137 1039 1180 1097 ita
1203 1039 1343 1098 coniunc-

271 1145 318 1197 tus
350 1145 412 1214 est,
452 1151 486 1200 ut
516 1142 598 1200 verbi
629 1142 723 1219 ipsius
751 1149 867 1228 partem
899 1144 1045 1216 efflueret,
1078 1143 1159 1202 velut
1188 1138 1342 1216 οἰνοχοεῖν,

270 1245 487 1321 καρποφορεῖν,
512 1263 587 1322 quae
609 1246 702 1304 verba
723 1265 805 1304 mera
826 1246 1019 1308 intransitiva
1041 1247 1121 1306 facta
1143 1264 1230 1322 saepe
1253 1244 1342 1303 talem

272 1344 388 1403 dicendi
411 1346 589 1404 brevitatem
612 1353 780 1419 ostentant,
813 1367 900 1426 quam
923 1368 977 1407 nos
1007 1367 1134 1428 aequare
1157 1367 1217 1406 non
1240 1366 1343 1423 possu-

271 1465 346 1523 mus,
368 1447 399 1505 in
423 1447 519 1528 iisque
542 1449 662 1526 optime,
686 1456 869 1530 quantopere
885 1452 1029 1510 sermonis
1050 1456 1206 1510 venustata
1222 1455 1252 1508 et
1273 1449 1343 1508 faoi·

272 1548 357 1607 litate
372 1549 493 1609 Graecis
508 1552 653 1626 cedamus,
670 1559 802 1630 apparet,
819 1573 884 1612 cum
905 1553 1149 1629 constructiones,
1173 1570 1246 1630 quas
1266 1550 1344 1609 inire

271 1657 406 1728 possunt,
428 1653 573 1713 imitaturi
598 1675 705 1713 sumus.
743 1655 929 1734 Quamquam
946 1657 1024 1716 enim
1047 1653 1269 1714 intransitivam
1292 1673 1343 1711 no·

271 1755 387 1814 tionem
409 1757 530 1828 habent,
553 1756 680 1815 alterum
702 1758 902 1818 accusativum
926 1758 1033 1819 obiecti
1049 1761 1127 1818 ferre
1142 1761 1275 1835 possunt.
1306 1757 1343 1814 ef.

272 1858 379 1918 Aesah.
402 1862 457 1932 Ag.
481 1864 542 1916 662
565 1856 722 1933 βουκολεῖν
745 1853 848 1927 πάθος
870 1862 961 1939 Soph.
985 1861 1032 1920 ni.
1056 1866 1116 1920 549
1140 1856 1344 1932 πωλοδαμνεῖν

271 1956 382 2019 τέκνον.
427 1961 473 2019 ΕΙ.
502 1967 560 2019 190
584 1957 751 2035 οἰκονομεῖν
772 1955 927 2037 θαλάμους
948 1956 1068 2041 πατρός.
1112 1963 1252 2034 Magnam
1278 1961 1343 2019 bre-

272 2063 395 2120 vitatem
419 2069 449 2122 et
470 2064 595 2123 multum
619 2065 784 2123 ornamenti
809 2067 938 2125 sermoni
959 2065 1068 2124 talibus
1086 2063 1267 2123 dictionibus
1288 2062 1343 2120 tri·

272 2165 332 2236 bui,
356 2167 478 2244 quaein
494 2173 596 2226 nostro
612 2187 747 2226 sermone
770 2187 857 2243 saepe
875 2168 1028 2226 molestam
1047 2165 1342 2226 circumlocutionem

272 2267 450 2338 desiderant,
475 2270 586 2346 optime
608 2270 713 2343 elucet,
744 2289 809 2329 cum
831 2269 983 2346 simplicis,
1007 2289 1082 2348 quae
1104 2268 1142 2327 iis
1164 2267 1342 2338 continetur,

273 2370 405 2429 notioms
427 2371 492 2431 loco
515 2371 730 2449 (κωλοδομνεῖν
749 2399 792 2425 =
812 2371 961 2445 eraiehen,
985 2370 1142 2446 βουκολεῖν
1160 2397 1203 2422 =
1220 2370 1336 2431 weiden

209 2455 212 2465 ¹
272 2473 369 2550 ipsam
390 2477 594 2554 metaphoram
616 2475 800 2552 respicimus,
825 2494 940 2555 quaes
970 2475 1058 2551 plane
1081 2473 1147 2532 aliis
1176 2475 1265 2533 rebus
1293 2474 1343 2530 de-

274 2578 361 2635 ducta
391 2578 451 2638 vim
482 2597 563 2637 suam
596 2579 631 2636 ad
662 2598 772 2638 novum
805 2578 951 2636 obiectum
975 2577 1030 2636 sibi
1059 2596 1119 2635 non
1142 2577 1343 2654 propinquum

274 2679 437 2739 transtulit.
482 2681 592 2739 Eadem
620 2680 697 2738 ratio
726 2682 843 2752 subest,
878 2699 943 2738 cum
974 2679 1193 2739 substantivum
1222 2698 1282 2736 non
1310 2677 1342 2735 in

275 2800 365 2840 unam
386 2801 489 2842 vocem
512 2801 578 2841 aum
601 2784 694 2840 verbo
717 2786 900 2841 contractum
919 2788 972 2854 est,
996 2783 1046 2841 sed
1068 2780 1229 2841 accusativi
1250 2781 1345 2838 forma

274 2887 393 2945 servata
414 2885 460 2943 sui
482 2884 556 2943 iuris
578 2885 690 2955 existit,
719 2883 804 2941 utin
828 2883 881 2942 illo
904 2876 1079 2961 συγγνώμην
1100 2879 1176 2958 ἔχειν
1195 2876 1269 2949 aava,
1292 2881 1344 2941 ubi

275 2987 462 3048 accusativos
491 2988 609 3048 diversa
639 2990 755 3046 ratione
787 2989 916 3045 everbo
947 2987 1077 3062 pendere
1099 2987 1165 3066 quis
1195 2990 1242 3044 set
1270 2984 1343 3065 quin

275 3087 398 3163 videat?
444 3090 639 3150 accusativus
662 3089 741 3148 enim
762 3089 805 3147 rei
829 3087 938 3148 obiecti
965 3096 1086 3160 natura,
1118 3108 1193 3168 quae
1222 3087 1345 3164 propria

276 3192 340 3250 eius
364 3197 436 3265 erat,
460 3192 603 3270 deposita,
626 3212 693 3252 cum
715 3193 806 3251 verbo
829 3192 872 3249 ita
890 3192 1009 3265 coaluit,
1031 3197 1065 3250 ut
1086 3210 1176 3250 unam
1192 3190 1344 3250 notionem

277 3294 560 3371 complecterentur,
591 3314 703 3374 equa,
732 3314 792 3353 non
817 3313 832 3351 e
855 3294 917 3353 solo
947 3296 1039 3354 verbo
1062 3295 1138 3353 alter
1159 3293 1344 3353 aecusativus

276 3415 420 3471 personae
450 3398 601 3474 penderet.
657 3397 753 3461 Quam
781 3402 845 3455 arte
874 3396 1059 3457 accusativus
1087 3397 1130 3455 rei
1161 3402 1192 3454 et
1221 3398 1344 3454 verbum

275 3500 355 3558 inter
377 3519 409 3558 se
431 3519 544 3558 conexa
566 3499 639 3573 sint,
669 3519 706 3558 ex
729 3519 763 3557 eo
786 3504 909 3575 apparet
916 3517 928 3571 ‚·
955 3499 1034 3578 quod
1056 3505 1170 3558 mutata
1193 3503 1344 3558 construc-

277 3602 360 3662 tione
391 3603 490 3662 activa
520 3602 551 3660 in
584 3602 731 3678 passivam
754 3601 939 3660 accusativus
970 3607 1122 3674 servatur,
1156 3621 1217 3661 non
1238 3601 1268 3658 in
1293 3621 1345 3658 no-

276 3706 453 3766 minativum
484 3705 599 3764 transit.
663 3705 749 3762 'Pales
780 3704 1016 3763 constructiones
1055 3705 1139 3782 quod'
1169 3703 1201 3762 in
1232 3702 1343 3779 duplici

277 3808 448 3867 accusativo
473 3807 621 3866 numerari
653 3807 766 3878 solent,
797 3825 851 3882 per
873 3826 904 3863 se
927 3805 1045 3884 quidem
1074 3807 1140 3865 fieri
1171 3811 1283 3883 potest,
1311 3825 1345 3864 re

277 3917 376 3969 autam
406 3916 542 3970 accurate
565 3909 734 3968 examinata
756 3927 805 3968 eas
828 3908 953 3986 simplici
982 3908 1151 3968 accusativo
1173 3908 1345 3968 tribuendas

278 4034 341 4072 esse
363 4012 536 4090 Rumpelius
558 4012 618 4070 iam
638 4013 769 4085 monuit;
792 4012 867 4070 alter
889 4011 968 4070 enim
990 4031 1074 4070 casus
1096 4011 1228 4070 adverbii
1251 4011 1347 4069 instar

278 4120 331 4176 est.
370 4115 436 4174 Jam
459 4135 525 4175 cum
540 4136 577 4174 ex
600 4115 743 4173 eiusmodi
767 4115 924 4191 phrasibus
941 4114 1126 4174 accusativus
1143 4113 1252 4173 obiecti
1273 4109 1359 4189 pen-'

278 4218 348 4277 dere
370 4218 471 4296 possit,
497 4237 557 4276 non
580 4219 687 4277 mirum
710 4223 762 4290 est,
786 4218 864 4297 quod
885 4219 959 4276 haec
981 4217 1147 4293 proprietas
1169 4216 1262 4291 magis
1284 4235 1346 4274 ma·
