3222 4936
739 450 950 517 ..48,.

396 626 496 687 Verba
528 625 616 685 eundi
648 645 715 685 oum
746 646 857 704 praep,
897 646 972 706 quae
1004 633 1113 685 motum
1143 625 1176 685 in
1206 626 1304 686 locum
1333 624 1381 685 vel

309 728 460 788 hominem
476 723 617 803 confluet,
640 729 802 806 composita
824 729 916 790 multo
939 729 1057 788 facilius
1080 728 1280 789 accusativum
1303 729 1380 788 ferre

311 832 442 908 potuisse
472 837 702 891 consentaneum
732 836 791 901 est,
825 831 896 911 quia
924 832 1104 909 praepositio
1135 851 1196 890 non
1225 836 1380 909 tantopere

311 935 344 992 in
365 937 457 996 verbo
486 935 625 1008 evannit,
647 934 729 1014 ·quin
760 933 854 1010 ipsius
885 934 946 995 vim
978 940 1110 996 servaret
1133 938 1163 993 et
1186 952 1286 994 casum
1310 954 1326 992 e
1348 953 1379 992 se

311 1043 411 1115 aptum
433 1039 544 1097 habere
565 1043 672 1114 posset.
716 1038 907 1110 Kuehnerus,
935 1055 1157 1116 nonnumquam
1180 1035 1375 1096 constructio·

310 1160 364 1200 nes
386 1141 584 1214 confundens,
613 1141 691 1199 hanc
714 1159 832 1218 quoque
852 1139 926 1199 locis
950 1140 1126 1218 quibusdam
1156 1159 1217 1199 non
1240 1138 1380 1198 distinxit

311 1246 348 1303 ab
371 1263 413 1316 ea,
436 1243 468 1301 in
491 1263 549 1322 qua
569 1245 661 1304 verba
682 1243 903 1321 praepositione
925 1262 997 1306 vera
1020 1242 1178 1304 transitiva
1198 1244 1278 1302 faeta
1301 1247 1377 1300 sunt.

311 1349 388 1407 Nam
419 1365 448 1422 p.
476 1351 537 1404 259
568 1347 601 1406 in
634 1339 717 1422 τήνδ’
753 1338 932 1404 ίττειστιεσοίν
969 1339 1056 1404 πόλιν
1090 1365 1149 1406 aco.
1181 1345 1380 1418 transitivum,

309 1471 337 1528 p.
362 1453 423 1507 268
454 1449 485 1506 in
517 1441 623 1507 πολιδν
660 1441 803 1506 είσττεσοίν
840 1449 933 1527 γῆρας
963 1468 1024 1508 acc.
1056 1456 1153 1509 motus
1192 1455 1223 1508 et
1256 1450 1380 1509 eundem

310 1573 339 1630 p.
365 1556 424 1611 269
447 1551 479 1608 in
504 1549 629 1627 ἐμβῆσαι
651 1548 759 1629 δίφρον
782 1552 894 1625 statuit,
918 1571 1096 1630 quamquam
1116 1552 1195 1611 idem
1211 1551 1381 1628 exemplum

196 1675 200 1680 ·
311 1676 339 1733 p.
364 1653 424 1712 257
456 1657 519 1714 sub.
552 1673 611 1713 acc.
645 1654 711 1714 viae
742 1654 851 1714 attulit.
896 1654 991 1714 Multa
1023 1660 1121 1714 autem
1153 1658 1246 1717 rerba
1277 1653 1374 1726 eundi,

311 1757 469 1836 praecipue
491 1777 557 1816 cum
579 1776 678 1834 praep.
702 1749 760 1829 διαί,
783 1747 866 1834 ests,
890 1755 957 1835 ιτερί
979 1777 1032 1836 sq,
1056 1777 1131 1836 quae
1154 1759 1244 1818 alium
1267 1763 1380 1816 motum

313 1860 477 1934 continent,
501 1878 590 1940 quam
611 1858 654 1933 is,
677 1859 728 1940 qui
751 1859 807 1918 soli
829 1860 920 1920 verbo
952 1859 1049 1919 inesse
1071 1866 1184 1937 potest,
1220 1859 1382 1938 composita

311 1963 499 2023 transitivum
526 1962 678 2021 notionem
709 1966 796 2021 nacta
825 1982 888 2021 esse
920 1981 956 2022 ea
982 1983 1015 2022 re
1038 1964 1272 2037 demonstratur,
1303 1962 1381 2040 quod

313 2065 431 2144 passive
461 2065 518 2124 dici
549 2069 683 2141 possunt.
728 2064 861 2130 Quorum
889 2067 1048 2126 verborum
1071 2068 1233 2146 quaedam,
1261 2064 1382 2144 propria

315 2188 367 2228 sua
389 2168 419 2228 vi
442 2167 571 2240 abiecta,
594 2187 672 2227 nova
694 2171 725 2227 et
746 2167 904 2228 transitiva
924 2168 1142 2242 significatione
1163 2169 1272 2229 instrui
1294 2185 1381 2245 posse

315 2275 437 2344 constat,
460 2271 543 2331 velut
566 2267 723 2342 ἱκνεῖσθαι,
747 2286 892 2347 ττροσικν.,
924 2291 999 2350 quac
1021 2272 1208 2350 implorandi,
1233 2266 1381 2347 ἐντμετίρ-

313 2377 429 2450 χεσθαι,
453 2392 529 2452 quae
551 2373 749 2451 vituperandi,
772 2373 932 2434 ulciscendi
947 2375 1102 2435 notionem
1119 2375 1278 2453 accipiunt.
1323 2371 1382 2449 Op·

313 2477 384 2537 time
414 2483 571 2557 utramque
602 2477 686 2536 verbi
718 2476 966 2550 significationem
996 2477 1128 2537 illustrat
1156 2478 1223 2555 Cyc.
1248 2478 1308 2535 278
1331 2475 1383 2550 τῆς

312 2579 452 2655 κακίστης
484 2572 646 2655 percitus&
673 2569 810 2658 ἆρτταμοίς
833 2571 919 2638 Ἰλίου
951 2572 1038 2638 πόλιν
1068 2581 1191 2658 rupinae
1213 2579 1381 2640 ulcisendae

315 2701 402 2742 causa
423 2683 513 2741 Ilium
535 2681 670 2743 venietis.

398 2787 423 2845 E
446 2785 546 2845 multis
568 2784 629 2843 illis
651 2784 751 2845 verbis
767 2784 947 2861 compositis,
971 2801 1046 2865 quae
1069 2806 1136 2846 cum
1151 2805 1211 2848 aco.
1233 2785 1290 2845 loci
1313 2804 1382 2844 con-

315 2894 483 2960 struuntur,
515 2906 609 2965 pauca
638 2888 724 2946 modo
747 2887 899 2947 attulerim
920 2889 1050 2966 rariora,
1090 2909 1215 2968 quorum
1245 2888 1281 2948 de
1313 2906 1382 2946 con-

314 2992 478 3052 structione
502 2990 632 3050 dubitari
656 2995 762 3068 potest.
785 3025 827 3035 —
848 2993 927 3051 And.
946 2996 1005 3051 533
1029 2990 1128 3069 Αίδην
1148 2985 1273 3070 χθόνιον
1295 3010 1382 3050 κατα-

315 3088 407 3172 βήσει.
446 3097 518 3154 Her.
542 3099 613 3156 912.
646 3095 804 3154 descendes
827 3096 867 3157 in.
889 3096 915 3155 I.
929 3096 961 3155 Τ.
975 3101 1013 3154 39
1038 3087 1071 3165 ὃς
1093 3086 1132 3154 ab
1153 3090 1282 3178 κατέλθῃ
1298 3086 1384 3169 τήνδε

315 3199 378 3278 γῆν.
395 3198 562 3257 -Rarior
585 3198 765 3258 constructio
789 3202 834 3257 est
849 3197 899 3258 Or.
919 3203 998 3258 1284
1021 3196 1092 3257 ποδί
1115 3191 1276 3280 βοηδρόμῳ
1299 3192 1383 3271 μίλα-

315 3306 378 3380 θρα
408 3298 575 3376 προσμίξει,
610 3302 689 3380 qnod
717 3303 841 3362 verbum
863 3301 1017 3379 Sophoclis
1049 3302 1195 3362 rationem
1217 3305 1335 3360 secutus
1358 3317 1382 3357 o.

316 3405 375 3464 dat.
407 3404 563 3464 coniunxit
593 3405 667 3464 Rhe.
693 3408 750 3462 145
771 3385 934 3481 Ιττροσμίξοι
963 3405 1039 3461 νεοίν
1068 3394 1205 3463 ὁλκοῖσιν.
1227 3436 1269 3449 -
1291 3403 1384 3462 Phoe.

319 3511 398 3566 1108
422 3502 524 3588 δρόμῳ
547 3509 681 3583 συνῆψεν
704 3498 785 3565 ι’ίστυ.
831 3505 913 3571 Quae
936 3508 1036 3580 verbu,
1069 3507 1203 3566 Nauckio
1225 3512 1255 3566 et
1276 3505 1383 3565 Kirch·

315 3611 407 3669 hoffio
438 3629 557 3691 quoque
587 3615 738 3687 suspecta,
770 3610 938 3685 significare
959 3629 1062 3688 posse,
1093 3629 1200 3684 magno
1229 3630 1317 3669 cursu
1346 3609 1383 3668 ad

315 3717 420 3772 urbem
441 3713 541 3786 venit,
573 3733 633 3772 non
662 3714 758 3772 credo.
802 3714 914 3773 Locum
937 3713 1108 3772 coniectura
1130 3712 1155 3772 si
1177 3731 1281 3773 sanare
1302 3712 1382 3785 licet,

317 3817 416 3875 nescio
446 3835 483 3875 an
515 3817 604 3876 scribi
636 3817 729 3894 possit
758 3809 912 3894 δρόμοισιν
941 3802 1042 3892 ἦλθεν.
1065 3850 1107 3860 -
1130 3815 1180 3876 Or.
1213 3820 1272 3875 314
1303 3817 1382 3876 inso-

314 3917 412 3978 lenter
434 3920 543 3978 diotum
566 3926 611 3980 est
634 3911 806 3994 Εὐμενίδας,
829 3916 892 3979 αίτε
914 3911 966 3978 τδν
988 3909 1086 3998 αἰθέρ’
1108 3910 1298 3995 ἀμπάλλεσθ’.
1320 3919 1339 3978 i.
1357 3939 1381 3978 e.

318 4040 393 4099 quae
430 4022 462 4081 in
493 4023 639 4103 liquidum
668 4024 789 4083 aethera
817 4042 871 4084 ros
904 4023 1026 4082 effertis.
1077 4022 1229 4083 Nauokius
1259 4024 1383 4084 verbum

317 4117 389 4200 ἅμιτ.
413 4126 448 4184 ad
471 4147 518 4185 res
541 4132 572 4186 et
593 4145 675 4186 arma
691 4129 845 4207 quadrare,
868 4127 978 4187 deabus
1000 4132 1099 4186 autem
1120 4146 1175 4204 per
1189 4145 1258 4186 aera
1279 4126 1384 4187 volan-

316 4227 396 4294 tibus
419 4235 519 4308 aptum
542 4250 602 4289 non
625 4250 688 4289 esse
711 4230 871 4291 observans
892 4221 1070 4306 ἇμττολεῖσθ’
1092 4229 1182 4290 scribi
1203 4229 1276 4306 vult,
1300 4228 1383 4296 cuius
