3222 4936
686 493 898 558 „31..

345 667 439 745 Hipp.
466 668 544 726 1271
572 664 728 742 βασιληίδα
750 660 838 741 τιμδν
859 655 1022 744 κρατιίνεις.

344 772 370 829 Ι.
392 774 428 830 Α.
447 774 505 830 155
530 768 675 828 λευκαίνει
695 762 762 828 τόδε
785 770 851 842 φῶς
873 763 930 844 ἤδη
953 759 1102 844 λοίμπονσ’
1123 761 1193 841 ciceia.
1238 768 1331 827 Recte

260 872 418 948 Pflugkius
441 879 471 932 ct
492 872 619 931 Weilius
641 874 707 945 φῶς
730 874 767 931 ad
788 872 931 930 laternam
954 890 981 930 v.
1006 876 1045 929 34
1069 877 1330 943 commemoratam,

260 995 335 1053 quae
357 975 476 1034 omnino
498 976 530 1033 in
554 995 658 1034 scaena
681 974 812 1051 conspici
836 993 893 1032 non
917 981 1031 1049 posset,
1058 975 1244 1032 referendum
1268 991 1331 1030 esse

261 1084 462 1152 negaverunt,
494 1078 525 1136 id
549 1079 627 1156 quod
651 1077 703 1136 alii
725 1083 874 1150 statuunt,
907 1077 991 1155 quasi
1013 1076 1086 1135 facis
1106 1076 1206 1136 lumen
1228 1095 1333 1134 aurora

264 1183 447 1240 obscuratum
479 1180 526 1240 sit.
572 1180 774 1240 Construenda
802 1185 872 1238 sunt
893 1181 984 1238 verba
1005 1178 1149 1237 λευκαίνει
1177 1172 1245 1236 τόδε
1267 1179 1334 1252 φῶς

263 1275 325 1358 ηἰίς
348 1288 378 1344 et
401 1284 467 1359 φῶς
488 1283 554 1360 ipsa
575 1283 629 1342 lux
650 1289 711 1356 est,
734 1303 821 1362 quam
844 1303 949 1342 aurora
970 1282 1078 1342 fundit.

346 1387 372 1446 l.
389 1387 422 1445 Τ.
443 1389 499 1446 157
525 1372 549 1468 pi
572 1379 659 1444 τοίσδε
681 1379 753 1463 χοιίς
775 1382 867 1462 μέλλω
889 1379 1022 1463 κρατῆρά
1045 1387 1154 1443 τετῶν
1176 1379 1333 1460 φθιμένων

261 1480 419 1565 ὑδραίνειν.
450 1494 519 1549 A'cc.
542 1483 614 1565 χοάς
636 1490 810 1561 transitive,
833 1489 967 1568 κρατῆρα
988 1488 1185 1547 immanentes
1207 1506 1245 1546 ex
1267 1477 1333 1565 ὖδρ.

262 1593 381 1668 pendet.

349 1695 415 1772 ch.
431 1700 492 1753 414
516 1687 641 1769 ίίμυσειν
663 1688 787 1764 ἑλκύσας
810 1695 899 1754 einen
922 1713 1042 1768 grossam
1057 1695 1120 1769 Zug
1138 1695 1222 1753 thun.
1266 1694 1334 1753 Pol·

261 1799 315 1858 lux
337 1803 367 1857 ct
387 1796 545 1857 scholiasta
569 1793 693 1873 ίίμνσειν
715 1799 835 1875 propria
862 1797 962 1873 poculi
992 1796 1092 1872 magni
1114 1816 1221 1856 nomen
1243 1795 1334 1855 luisse

263 1904 378 1961 docent.

348 2006 427 2064 Med.
453 2008 511 2064 129
544 1997 580 2062 τοί
611 1995 641 2062 δ’
674 1995 884 2081 δκερβοίλλονκ’
921 1993 1029 2062 οὐδένα
1062 1993 1168 2080 καιρδν
1201 1994 1332 2059 δύναται.

264 2109 330 2166 Non
353 2126 440 2166 sensu
469 2106 624 2184 temporali
652 2127 718 2166 cum
740 2106 880 2180 Pflugkio
903 2104 1103 2165 accusativum
1125 2104 1334 2178 intellexerim,

264 2212 316 2270 sed
337 2210 433 2269 dictus
463 2229 526 2269 esse
557 2209 630 2268 mihi
653 2209 771 2270 videtur
802 2229 855 2285 pro
879 2200 1020 2282 οὐδεμίαν
1047 2207 1167 2285 καιρίαν
1198 2200 1334 2282 δύναμιν.

265 2311 388 2372 Bothius
409 2313 485 2371 bene
508 2312 614 2372 vertit:
636 2310 791 2370 immodica
813 2311 894 2369 nullo
918 2331 983 2368 cum
1005 2312 1102 2370 fructu
1118 2311 1227 2371 valent.

349 2415 439 2474 Phoe.
464 2416 524 2473 575
555 2411 605 2472 καὶ
636 2416 727 2473 σκῦλα
757 2406 881 2492 γράψεις
914 2415 979 2482 πῶς
1011 2404 1059 2471 ἐπ’
1088 2405 1203 2487 Ἰνάχου
1233 2409 1334 2490 ρὀαῖςς

266 2519 340 2577 Sunt
371 2518 423 2597 qni
445 2514 505 2587 κείς
526 2517 712 2578 scribendum
736 2536 799 2576 esse
822 2518 1015 2588 contendant,
1049 2535 1107 2593 qua
1129 2513 1335 2582 emendations

267 2640 341 2697 opus
364 2641 423 2680 non
446 2626 498 2680 est.
542 2622 707 2682 Verborum
723 2639 827 2680 sensus
849 2624 909 2678 est:
923 2618 995 2677 ’τίνα
1017 2611 1133 2688 σκύλων
1148 2609 1269 2698 γραφὴν
1290 2639 1334 2697 γρ.

266 2723 406 2802 Sequitur
427 2723 582 2800 inscriptio
604 2744 633 2784 v.
659 2725 731 2784 676.

352 2825 462 2885 Multos
479 2827 567 2900 locos,
579 2827 693 2906 vquibus
711 2832 827 2903 praeter
844 2824 1053 2884 immanentem
1069 2823 1143 2883 alter
1159 2844 1218 2885 acc,
1235 2844 1335 2901 persc-

267 2949 322 2990 nac
340 2933 436 2990 exstat
449 2933 479 2988 ct
501 2931 699 2989 accusativum
716 2931 794 3006 apud
808 2928 958 3006 passivum
974 2927 1005 2985 in
1025 2927 1173 3003 duplicem
1194 2947 1252 2986 acc.
1276 2926 1335 2986 dis-

268 3033 332 3105 tuli,
353 3039 387 3092 ut
409 3053 443 3092 ea
465 3052 549 3109 pars,
574 3033 607 3091 in
630 3053 688 3112 qua
710 3034 795 3092 modo
818 3030 928 3092 versati
950 3049 1050 3088 snmus
1073 3029 1157 3088 etin
1188 3050 1245 3109 qua
1267 3049 1336 3106 poa-

267 3143 327 3197 tam
349 3155 403 3214 pro
425 3135 489 3195 cius
509 3135 616 3196 liberas
639 3135 871 3196 constructiones
893 3131 1039 3193 formandi
1062 3133 1159 3191 studio
1188 3152 1248 3191 non
1276 3137 1337 3192 tam

267 3242 386 3299 uberem
417 3258 505 3317 quam
529 3238 562 3298 in
592 3238 659 3298 aliis
681 3258 764 3298 casus
784 3237 919 3314 partibus
941 3255 972 3296 sc
994 3237 1164 3312 praebuisse
1187 3235 1253 3314 quis
1269 3255 1337 3294 con·

267 3343 405 3416 tenderit,
426 3341 496 3401 inde
516 3341 642 3400 multum
664 3347 694 3401 et
715 3340 797 3401 varie
820 3338 921 3415 augeri
942 3337 1046 3415 possit.
1092 3338 1216 3397 Interim
1239 3343 1337 3398 autem

268 3466 303 3506 ea
323 3445 474 3506 mittamus
508 3450 538 3504 et
568 3445 604 3502 ad
626 3447 706 3503 certa
727 3445 885 3502 verborum
917 3460 1025 3517 genera
1046 3456 1100 3500 nos
1122 3443 1337 3514 convertamus,

269 3567 392 3628 quorum
408 3553 571 3607 structurae
594 3547 721 3605 maxima
735 3545 836 3607 variae
851 3545 888 3604 ad
909 3543 1109 3604 accusativum
1123 3545 1209 3603 modo
1231 3548 1338 3604 tracta·

269 3659 333 3714 tum
354 3650 513 3727 pertinent.
557 3649 682 3709 Seiunxi
703 3671 753 3723 ca,
787 3648 857 3728 quia
888 3648 967 3708 inter
997 3667 1028 3706 se
1050 3646 1212 3724 composita
1233 3646 1338 3708 melius

270 3754 478 3833 expediuntur.

355 3857 479 3919 Verba
509 3856 627 3916 eundi
658 3860 696 3916 et
726 3855 884 3915 similia.
929 3858 1028 3933 Atque
1059 3852 1187 3930 primum
1220 3853 1338 3932 quidem

270 3958 303 4018 in
325 3959 454 4018 medium
477 3959 670 4035 proferendus
703 3965 748 4019 est
762 3958 861 4018 mirus
890 3955 942 4016 ille
964 3977 1040 4030 aaa,
1073 3975 1159 4034 quem
1182 3955 1339 4032 Euripides

271 4062 389 4139 saepius
410 4061 560 4134 adhibuit,
589 4082 656 4122 cnm
678 4062 769 4122 ceteri
791 4066 912 4140 poetae,
934 4061 1016 4121 velut
1037 4057 1194 4135 Sophocles
1216 4076 1282 4117 raro
1305 4077 1339 4118 co

271 4165 318 4226 usi
339 4164 409 4238 sint,
434 4164 500 4224 dico
522 4165 721 4225 accusativum
743 4159 841 4224 πόδα
864 4166 942 4241 apud
964 4165 1055 4224 verba
1077 4159 1176 4220 eundi.
1219 4160 1265 4220 El.
1288 4166 1338 4234 94,

274 4267 354 4332 1173
377 4265 531 4344 βαίνουσιν
553 4264 583 4338 ἐξ
605 4265 695 4328 νίκων
717 4260 807 4328 πόδα.
850 4267 922 4327 Her.
948 4270 1007 4325 168
1030 4262 1071 4336 είς
1092 4255 1198 4324 δι’ντλον
1220 4255 1340 4344 δμβήσεε
