3222 4936
677 502 891 574 ..15-

247 803 292 858 11.
336 797 561 856 Accusativus
582 797 865 867 significationem
886 799 991 855 verbo
1013 798 1190 855 finitimam
1211 799 1322 855 habet.
1419 785 1421 790 ’

445 953 479 1006 Α,
526 948 790 1007 Accusativus
813 949 897 1008 sine
920 948 1132 1007 attributo.

336 1087 446 1144 Paucos
461 1086 547 1143 modo
561 1085 639 1142 locos
661 1085 796 1160 repperi:
821 1086 897 1143 And.
917 1089 998 1143 1016
1024 1077 1113 1142 νόσον
1123 1076 1227 1152 Ἑλλολς
1248 1083 1322 1151 ἔτλα,

252 1181 349 1246 νόσον.
394 1187 444 1246 01.
471 1192 551 1246 1314
575 1185 717 1244 σπείσασα
745 1181 832 1263 χοοίς,
869 1191 948 1246 1188
972 1180 1043 1262 χοολς
1065 1187 1320 1245 κατασπείσουσιν.

251 1293 312 1349 Ion.
339 1294 419 1347 1038
443 1282 574 1358 σπονδάς
604 1287 718 1364 λείβειν.
765 1289 877 1360 Locus,
909 1291 945 1347 de
976 1309 1034 1366 quo
1065 1290 1195 1347 dubitari
1217 1294 1323 1366 potest,

248 1413 318 1452 num
340 1394 398 1451 hue
420 1391 577 1468 pertineat,
601 1398 647 1450 est
667 1394 692 1450 Ι.
717 1391 749 1448 Τ.
773 1397 836 1454 526
860 1383 952 1460 ι’ίλλοις
973 1387 1068 1470 λέκτρ’
1095 1386 1180 1470 ἔγημ’
1206 1389 1238 1450 ἕν
1261 1386 1322 1449 Αὐ-

247 1493 314 1554 λίδι.
357 1496 487 1555 Verbum
510 1498 613 1572 γαμεῖν
632 1514 808 1572 quamquam
831 1496 867 1552 de
889 1494 955 1552 viro
977 1495 1047 1572 (hoc
1067 1494 1131 1553 λοοο
1154 1497 1191 1552 (λε
1207 1496 1324 1571 Oreste)

247 1598 358 1656 dietum
381 1598 556 1676 plerumque
587 1617 674 1655 sensu
705 1596 862 1655 transitivo
892 1595 1016 1670 legitur,
1051 1615 1139 1674 quem
1170 1603 1240 1655 sunt
1271 1599 1323 1675 qui

247 1701 295 1759 hic
319 1719 437 1778 quoque
459 1700 550 1758 statui
572 1699 676 1770 velint,
700 1697 837 1776 equidem
859 1693 964 1775 λέκτρα
987 1699 1134 1757 obiectum
1155 1701 1322 1758 habendum

247 1823 320 1874 esse,
343 1803 427 1881 quasi
446 1801 626 1879 metonymia
647 1821 701 1876 pro
723 1801 789 1876 ipsa
806 1820 899 1858 uxore
915 1806 1024 1873 exstet,
1046 1821 1104 1860 non
1121 1803 1207 1860 oredo
1230 1803 1322 1876 (And.

230 1902 311 1962 Ι992
336 1897 533 1979 δουλεύσομεν
554 1902 674 1971 νοθίοις
695 1898 856 1980 λέκτροις),
888 1905 940 1960 sed
962 1903 1110 1977 significat
1131 1899 1235 1981 λέκτρα
1259 1925 1323 1964 mea

232 2003 370 2085 'quidem
401 2007 550 2064 sententia
580 2006 757 2064 eonnubium
788 2013 819 2063 et
847 2025 933 2063 sensu
960 2006 1134 2065 immanenti
1160 2009 1194 2064 ad
1219 2011 1322 2084 γαμεῖν

254 2109 437 2168 referendum
460 2115 512 2168 est.
551 2110 593 2168 of.
618 2110 694 2167 Med.
717 2114 776 2167 594
801 2106 866 2165 λ’σθι
883 2107 974 2185 γῆμαί
996 2128 1031 2181 με
1052 2105 1157 2186 λέκτρα
1179 2107 1323 2184 βασιλέων

252 2211 272 2268 i.
296 2230 320 2268 e.
343 2211 454 2285 regium
470 2211 657 2269 connubium.
704 2210 763 2268 Hie
785 2215 882 2269 autem
905 2211 1087 2286 metonymia
1108 2212 1161 2269 illa
1182 2232 1242 2270 non
1265 2221 1324 2271 sta·

251 2315 359 2372 tuenda
381 2320 433 2386 est,
457 2313 526 2393 quia
547 2332 645 2371 rerum
667 2332 795 2372 conexus
818 2313 897 2370 filiae
921 2312 1224 2388 notionempostulat,
1247 2336 1323 2394 quae

252 2417 319 2476 υοοί
341 2417 436 2476 inesse
459 2438 518 2476 non
540 2421 646 2493 potest.

334 2520 539 2580 Pronomen
569 2519 781 2579 relativum
813 2519 1094 2595 interpositum
1135 2526 1206 2578 est:
1249 2521 1320 2597 Hip.

253 2627 332 2680 1060
356 2616 469 2700 ὅρκους
500 2617 554 2690 οὓς
585 2615 688 2697 όόμοσα
718 2625 743 2681 1.
770 2623 802 2680 Τ.
827 2623 888 2680 778
914 2615 965 2678 τόν
994 2616 1021 2678 δ’
1048 2615 1141 2698 όρκον
1171 2617 1206 2680 όν
1228 2621 1322 2679 κατοί-

250 2741 337 2799 μοσα.
379 2730 439 2783 846
464 2718 572 2806 ρ’ίμαιξα
595 2719 705 2799 τόλμαν
728 2719 765 2800 ἣν
795 2723 860 2798 ἔτλη
884 2717 991 2799 πατήρ.
1036 2726 1101 2783 Ion.
1127 2730 1184 2783 102
1209 2718 1322 2794 πόνους

250 2820 304 2896 ολλς
326 2829 505 2902 μοχθοῦμεν.
551 2831 575 2887 I.
599 2829 631 2887 T.
657 2834 705 2901 84,
732 2833 821 2889 1423.
865 2827 943 2905 (Ion.
968 2834 1027 2887 134
1052 2822 1194 2906 εὐχοίμοις
1217 2821 1322 2895 πόνοις

251 2932 396 3005 μοχθεῖν.)

445 3102 479 3158 Β.
524 3101 785 3162 Αοουεολὶυαε
808 3120 884 3158 oum
907 3102 1124 3160 attributo.

336 3235 409 3311 Hip.
443 3241 522 3294 1360
561 3229 696 3310 μόχθους
724 3238 776 3310 της
807 3231 956 3312 εὐσεβείας
991 3231 1132 3311 ἐπόνησα.
1170 3239 1207 3297 fn
1241 3243 1321 3297 1060

250 3339 391 3415 (Nauck.)
414 3340 489 3396 θεοῦ
519 3336 586 3413 βίον
608 3339 667 3412 ζῆν.
689 3372 731 3381 -
758 3341 836 3397 Med.
860 3345 921 3398 249
952 3332 1110 3398 ιίκίνιλυνον
1132 3338 1198 3414 βίον
1220 3341 1322 3414 ζῶμεν.

252 3440 315 3498 Ion.
336 3446 373 3498 56
397 3442 506 3522 καταζῇ
530 3435 637 3514 σεμνόν
652 3439 726 3516 βίον.
761 3443 784 3503 Ι.
801 3446 837 3501 Α.
854 3447 915 3501 922
939 3435 1041 3521 όρθῶς
1057 3441 1159 3519 διαζῆν
1181 3436 1231 3501 τόν
1247 3441 1321 3518 βίον,

253 3542 320 3601 Hel.
355 3547 414 3601 834
448 3536 540 3621 ὅρκον
569 3534 661 3621 όγνόν
694 3537 862 3620 κατοόμοσα.
906 3547 931 3604 Ι.
965 3550 999 3604 Α.
1028 3551 1098 3604 386.
1137 3546 1207 3622 Sup.
1243 3549 1321 3603 1196

252 3637 333 3702 τόνδ’
368 3646 431 3726 (sel.
455 3638 561 3724 όρκον)
594 3638 718 3721 όμνόναι
746 3639 846 3725 χρεόν.
891 3648 963 3724 Hip.
988 3653 1047 3707 301
1073 3641 1178 3706 τοόσιλε
1209 3641 1323 3715 πόνους

252 3748 432 3823 μοχθοῦμεν.
476 3750 542 3809 Ιοο.
577 3753 637 3807 102
669 3741 735 3807 πόα.
767 3738 821 3817 οὓς
849 3753 937 3825 μοχθ.
983 3753 1024 3810 Η.
1053 3752 1074 3810 f.
1098 3755 1139 3808 22
1171 3743 1241 3818 τούς
1270 3745 1323 3824 μὲν
1423 3780 1426 3785 ·

252 3840 360 3918 ἄλλους
382 3842 577 3926 ἐξεμόχθησεν
607 3845 726 3919 πόνους.
770 3853 838 3911 Hel.
862 3852 923 3911 733
959 3847 1051 3911 πολλοὶ
1074 3845 1238 3929 μοχθήματ’
1265 3833 1334 3921 ίξέιλ

251 3953 363 4027 πλησας
386 3949 522 4011 ἐκπονῶν
540 3950 605 4027 ἐμοί
627 3959 741 4031 spectat
762 3974 821 4014 αοο.
846 3958 881 4014 ad
903 3961 1062 4035 utrumque
1077 3958 1209 4016 verbum.
1255 3956 1323 4014 Hel.

252 4058 314 4132 604
338 4048 454 4124 πόνους
476 4054 602 4133 μυρίους
623 4056 734 4132 τλῆναι.
778 4057 848 4133 Sup.
874 4058 944 4116 574.
983 4057 1033 4116 Or.
1055 4061 1114 4115 368
1139 4049 1173 4125 ός
1194 4050 1230 4114 τό
1253 4052 1320 4115 δείν’

252 4151 319 4230 ἔτλη
347 4148 434 4216 κακοί.
481 4160 559 4218 Med.
591 4157 649 4216 791
684 4151 762 4216 τλᾶσ’
792 4155 879 4237 ἔργον
911 4151 1118 4219 οἷνοσιαίτατον.
1162 4159 1232 4236 Sup.
1262 4163 1323 4218 318

251 4260 367 4330 φαῦλον
401 4253 536 4338 οίθλήσας
565 4253 669 4319 πόνον.
728 4261 818 4321 Phoe.
845 4267 923 4321 1515
957 4262 1002 4332 τίς
1024 4259 1089 4321 ἔτλα
1118 4256 1219 4322 τοιοίδ’
1253 4255 1323 4340 όίχεα
