<?xml version="1.0" encoding="UTF-8"?>
<!DOCTYPE html PUBLIC "-//W3C//DTD XHTML 1.0 Transitional//EN"
    "http://www.w3.org/TR/xhtml1/DTD/xhtml1-transitional.dtd">
<html xmlns="http://www.w3.org/1999/xhtml" xml:lang="en" lang="en">
 <head>
  <title>
</title>
<meta http-equiv="Content-Type" content="text/html;charset=utf-8" />
  <meta name='ocr-system' content='tesseract 3.04.00' />
  <meta name='ocr-capabilities' content='ocr_page ocr_carea ocr_par ocr_line ocrx_word'/>
</head>
<body>
  <div class='ocr_page' id='page_1' title='image "./deaccusativiusu00carsgoog_0065.png"; bbox 0 0 3222 4936; ppageno 0'>
   <div class='ocr_carea' id='block_1_1' title="bbox 703 444 914 510">
    <p class='ocr_par' dir='ltr' id='par_1_1' title="bbox 703 444 914 510">
     <span class='ocr_line' id='line_1_1' title="bbox 703 444 914 510; baseline 0 -18"><span class='ocrx_word' id='word_1_1' title='bbox 703 444 914 510; x_wconf 64' lang='lat'><strong>..58-</strong></span> 
     </span>
    </p>
   </div>
   <div class='ocr_carea' id='block_1_2' title="bbox 273 607 1386 1932">
    <p class='ocr_par' dir='ltr' id='par_1_2' title="bbox 273 607 1339 800">
     <span class='ocr_line' id='line_1_2' title="bbox 273 607 1339 696; baseline 0.001 -24"><span class='ocrx_word' id='word_1_2' title='bbox 273 613 341 694; x_wconf 81' lang='lat' dir='ltr'><strong>ch.</strong></span> <span class='ocrx_word' id='word_1_3' title='bbox 365 621 383 674; x_wconf 89' lang='grc'>9</span> <span class='ocrx_word' id='word_1_4' title='bbox 408 609 444 676; x_wconf 80' lang='grc' dir='ltr'><strong>οὗ</strong></span> <span class='ocrx_word' id='word_1_5' title='bbox 470 608 510 691; x_wconf 70' lang='lat' dir='ltr'><strong>ud</strong></span> <span class='ocrx_word' id='word_1_6' title='bbox 542 616 608 678; x_wconf 92' lang='grc' dir='ltr'><em>Δία.</em></span> <span class='ocrx_word' id='word_1_7' title='bbox 655 625 715 678; x_wconf 91' lang='grc'><strong>550</strong></span> <span class='ocrx_word' id='word_1_8' title='bbox 739 616 788 678; x_wconf 80' lang='lat' dir='ltr'><strong>voi</strong></span> <span class='ocrx_word' id='word_1_9' title='bbox 817 612 858 696; x_wconf 78' lang='grc' dir='ltr'><strong>μδ</strong></span> <span class='ocrx_word' id='word_1_10' title='bbox 882 615 950 678; x_wconf 88' lang='grc' dir='ltr'><em>Δία.</em></span> <span class='ocrx_word' id='word_1_11' title='bbox 997 619 1057 677; x_wconf 91' lang='grc'><strong>578</strong></span> <span class='ocrx_word' id='word_1_12' title='bbox 1081 608 1117 692; x_wconf 74' lang='grc' dir='ltr'><strong>νὴ</strong></span> <span class='ocrx_word' id='word_1_13' title='bbox 1139 607 1191 686; x_wconf 78' lang='grc' dir='ltr'><em>τοῖς</em></span> <span class='ocrx_word' id='word_1_14' title='bbox 1213 607 1339 694; x_wconf 75' lang='grc' dir='ltr'><em>χάριτας.</em></span> 
     </span>
     <span class='ocr_line' id='line_1_3' title="bbox 273 712 853 800; baseline 0.007 -24"><span class='ocrx_word' id='word_1_15' title='bbox 273 717 324 777; x_wconf 83' lang='grc' dir='ltr'><strong>Βιι.</strong></span> <span class='ocrx_word' id='word_1_16' title='bbox 348 724 408 778; x_wconf 88' lang='grc'><strong>523</strong></span> <span class='ocrx_word' id='word_1_17' title='bbox 432 716 481 776; x_wconf 84' lang='grc' dir='ltr'><em>ναί</em></span> <span class='ocrx_word' id='word_1_18' title='bbox 504 712 558 776; x_wconf 82' lang='grc' dir='ltr'><em>τοῖν</em></span> <span class='ocrx_word' id='word_1_19' title='bbox 579 715 735 800; x_wconf 74' lang='grc' dir='ltr'><em>βοτρυώδη</em></span> <span class='ocrx_word' id='word_1_20' title='bbox 758 719 853 781; x_wconf 84' lang='grc' dir='ltr'><em>οίναν.</em></span> 
     </span>
    </p>

    <p class='ocr_par' dir='ltr' id='par_1_3' title="bbox 274 822 1386 1932">
     <span class='ocr_line' id='line_1_4' title="bbox 359 822 1343 901; baseline 0 -20"><span class='ocrx_word' id='word_1_21' title='bbox 359 823 481 882; x_wconf 87' lang='lat' dir='ltr'>Verbi</span> <span class='ocrx_word' id='word_1_22' title='bbox 503 823 786 900; x_wconf 89' lang='lat' dir='ltr'><strong>impersonalis</strong></span> <span class='ocrx_word' id='word_1_23' title='bbox 809 822 869 884; x_wconf 89' lang='grc' dir='ltr'><strong>δεῖ</strong></span> <span class='ocrx_word' id='word_1_24' title='bbox 888 824 938 901; x_wconf 87' lang='grc' dir='ltr'><strong>(Κ.</strong></span> <span class='ocrx_word' id='word_1_25' title='bbox 956 827 1026 883; x_wconf 88' lang='grc'><strong>254.</strong></span> <span class='ocrx_word' id='word_1_26' title='bbox 1042 827 1078 882; x_wconf 85' lang='grc' dir='ltr'><strong>Α.</strong></span> <span class='ocrx_word' id='word_1_27' title='bbox 1096 828 1134 893; x_wconf 84' lang='grc'><strong>5.)</strong></span> <span class='ocrx_word' id='word_1_28' title='bbox 1151 822 1343 882; x_wconf 88' lang='lat' dir='ltr'><strong>constructio·</strong></span> 
     </span>
     <span class='ocr_line' id='line_1_5' title="bbox 275 919 1344 1003; baseline -0.001 -20"><span class='ocrx_word' id='word_1_29' title='bbox 275 945 343 984; x_wconf 90' lang='lat' dir='ltr'><strong>nem</strong></span> <span class='ocrx_word' id='word_1_30' title='bbox 366 925 520 1002; x_wconf 86' lang='lat' dir='ltr'><strong>vulgarem</strong></span> <span class='ocrx_word' id='word_1_31' title='bbox 543 945 607 986; x_wconf 93' lang='lat' dir='ltr'><strong>esse</strong></span> <span class='ocrx_word' id='word_1_32' title='bbox 630 922 680 1003; x_wconf 81' lang='grc' dir='ltr'><strong>μοὶ</strong></span> <span class='ocrx_word' id='word_1_33' title='bbox 701 919 783 996; x_wconf 86' lang='grc' dir='ltr'><em>τινός</em></span> <span class='ocrx_word' id='word_1_34' title='bbox 814 935 917 987; x_wconf 90' lang='lat' dir='ltr'><strong>notum</strong></span> <span class='ocrx_word' id='word_1_35' title='bbox 940 931 993 986; x_wconf 88' lang='lat' dir='ltr'><strong>est.</strong></span> <span class='ocrx_word' id='word_1_36' title='bbox 1036 926 1148 998; x_wconf 77' lang='lat' dir='ltr'><strong>Poetae</strong></span> <span class='ocrx_word' id='word_1_37' title='bbox 1170 930 1269 984; x_wconf 89' lang='lat' dir='ltr'><strong>autem</strong></span> <span class='ocrx_word' id='word_1_38' title='bbox 1290 944 1344 1000; x_wconf 91' lang='lat' dir='ltr'><strong>pro</strong></span> 
     </span>
     <span class='ocr_line' id='line_1_6' title="bbox 274 1028 1343 1106; baseline -0.002 -19"><span class='ocrx_word' id='word_1_39' title='bbox 274 1029 332 1088; x_wconf 90' lang='lat' dir='ltr'><strong>dat.</strong></span> <span class='ocrx_word' id='word_1_40' title='bbox 355 1028 526 1105; x_wconf 79' lang='lat' dir='ltr'>saepissime</span> <span class='ocrx_word' id='word_1_41' title='bbox 555 1029 754 1091; x_wconf 75' lang='lat' dir='ltr'><strong>accusativum</strong></span> <span class='ocrx_word' id='word_1_42' title='bbox 784 1049 927 1106; x_wconf 80' lang='lat' dir='ltr'><strong>personae</strong></span> <span class='ocrx_word' id='word_1_43' title='bbox 959 1029 1110 1089; x_wconf 85' lang='lat' dir='ltr'><strong>adhibent</strong></span> <span class='ocrx_word' id='word_1_44' title='bbox 1154 1028 1195 1088; x_wconf 91' lang='lat' dir='ltr'><strong>H.</strong></span> <span class='ocrx_word' id='word_1_45' title='bbox 1217 1029 1238 1088; x_wconf 79' lang='lat' dir='ltr'><strong>f.</strong></span> <span class='ocrx_word' id='word_1_46' title='bbox 1264 1031 1343 1086; x_wconf 90' lang='grc'><strong>1158</strong></span> 
     </span>
     <span class='ocr_line' id='line_1_7' title="bbox 276 1122 1343 1209; baseline 0.004 -23"><span class='ocrx_word' id='word_1_47' title='bbox 276 1127 306 1188; x_wconf 85' lang='grc' dir='ltr'><strong>εί</strong></span> <span class='ocrx_word' id='word_1_48' title='bbox 331 1150 359 1189; x_wconf 87' lang='grc' dir='ltr'><strong>τι</strong></span> <span class='ocrx_word' id='word_1_49' title='bbox 388 1129 435 1189; x_wconf 89' lang='grc' dir='ltr'><strong>δεῖ</strong></span> <span class='ocrx_word' id='word_1_50' title='bbox 461 1122 481 1207; x_wconf 80' lang='grc' dir='ltr'><strong><em>ἦ</em></strong></span> <span class='ocrx_word' id='word_1_51' title='bbox 505 1124 601 1208; x_wconf 76' lang='grc' dir='ltr'><em>χειρδς</em></span> <span class='ocrx_word' id='word_1_52' title='bbox 622 1123 702 1206; x_wconf 68' lang='grc' dir='ltr'>ὑμᾶς</span> <span class='ocrx_word' id='word_1_53' title='bbox 723 1134 775 1208; x_wconf 83' lang='grc' dir='ltr'><strong>τῆς</strong></span> <span class='ocrx_word' id='word_1_54' title='bbox 797 1130 870 1209; x_wconf 76' lang='grc' dir='ltr'><strong><em>ἐμῆς</em></strong></span> <span class='ocrx_word' id='word_1_55' title='bbox 899 1126 919 1209; x_wconf 73' lang='grc' dir='ltr'><strong><em>ἢ</em></strong></span> <span class='ocrx_word' id='word_1_56' title='bbox 945 1125 1115 1209; x_wconf 77' lang='grc' dir='ltr'><em>συμμάχων.</em></span> <span class='ocrx_word' id='word_1_57' title='bbox 1159 1131 1228 1192; x_wconf 90' lang='lat' dir='ltr'><strong>Hel.</strong></span> <span class='ocrx_word' id='word_1_58' title='bbox 1254 1135 1343 1204; x_wconf 88' lang='grc'><strong>1425,</strong></span> 
     </span>
     <span class='ocr_line' id='line_1_8' title="bbox 275 1233 1346 1312; baseline 0.001 -21"><span class='ocrx_word' id='word_1_59' title='bbox 275 1233 366 1293; x_wconf 90' lang='lat' dir='ltr'><strong>Phoe.</strong></span> <span class='ocrx_word' id='word_1_60' title='bbox 390 1238 460 1307; x_wconf 90' lang='grc'><strong>924,</strong></span> <span class='ocrx_word' id='word_1_61' title='bbox 492 1235 563 1311; x_wconf 82' lang='lat' dir='ltr'><strong>Sup.</strong></span> <span class='ocrx_word' id='word_1_62' title='bbox 587 1237 658 1309; x_wconf 90' lang='grc'><strong>798,</strong></span> <span class='ocrx_word' id='word_1_63' title='bbox 687 1236 760 1312; x_wconf 90' lang='lat' dir='ltr'><strong>Hip.</strong></span> <span class='ocrx_word' id='word_1_64' title='bbox 788 1241 837 1310; x_wconf 87' lang='grc'><strong>28,</strong></span> <span class='ocrx_word' id='word_1_65' title='bbox 869 1241 940 1309; x_wconf 87' lang='grc'><strong>498,</strong></span> <span class='ocrx_word' id='word_1_66' title='bbox 971 1241 1042 1309; x_wconf 90' lang='grc'><strong>684,</strong></span> <span class='ocrx_word' id='word_1_67' title='bbox 1074 1235 1145 1296; x_wconf 88' lang='lat' dir='ltr'><strong>Her.</strong></span> <span class='ocrx_word' id='word_1_68' title='bbox 1172 1240 1261 1308; x_wconf 90' lang='grc'><strong>1002,</strong></span> <span class='ocrx_word' id='word_1_69' title='bbox 1289 1233 1346 1294; x_wconf 92' lang='lat' dir='ltr'><strong>Ion</strong></span> 
     </span>
     <span class='ocr_line' id='line_1_9' title="bbox 278 1338 1386 1410; baseline 0.003 -17"><span class='ocrx_word' id='word_1_70' title='bbox 278 1340 368 1410; x_wconf 88' lang='grc'><strong>1024,</strong></span> <span class='ocrx_word' id='word_1_71' title='bbox 398 1338 472 1397; x_wconf 90' lang='lat' dir='ltr'><strong>Rhe.</strong></span> <span class='ocrx_word' id='word_1_72' title='bbox 497 1341 568 1398; x_wconf 89' lang='grc'><strong>880.</strong></span> <span class='ocrx_word' id='word_1_73' title='bbox 613 1338 794 1398; x_wconf 70' lang='lat' dir='ltr'><strong>Insolentiae</strong></span> <span class='ocrx_word' id='word_1_74' title='bbox 824 1338 1008 1399; x_wconf 88' lang='lat' dir='ltr'><strong>accusativus</strong></span> <span class='ocrx_word' id='word_1_75' title='bbox 1036 1338 1080 1398; x_wconf 93' lang='lat' dir='ltr'><strong>rei</strong></span> <span class='ocrx_word' id='word_1_76' title='bbox 1112 1338 1155 1398; x_wconf 84' lang='lat' dir='ltr'><strong>ita</strong></span> <span class='ocrx_word' id='word_1_77' title='bbox 1184 1338 1280 1398; x_wconf 91' lang='lat' dir='ltr'><strong>dictus</strong></span> <span class='ocrx_word' id='word_1_78' title='bbox 1302 1342 1348 1400; x_wconf 85' lang='lat' dir='ltr'><strong>est</strong></span> <span class='ocrx_word' id='word_1_79' title='bbox 1382 1345 1386 1354; x_wconf 79' lang='grc'><em>’</em></span> 
     </span>
     <span class='ocr_line' id='line_1_10' title="bbox 276 1432 1341 1520; baseline 0.002 -24"><span class='ocrx_word' id='word_1_80' title='bbox 276 1438 367 1499; x_wconf 88' lang='lat' dir='ltr'><strong>Phoe.</strong></span> <span class='ocrx_word' id='word_1_81' title='bbox 383 1439 442 1499; x_wconf 95' lang='grc'><strong>471</strong></span> <span class='ocrx_word' id='word_1_82' title='bbox 467 1433 524 1499; x_wconf 78' lang='lat' dir='ltr'><strong>nod</strong></span> <span class='ocrx_word' id='word_1_83' title='bbox 546 1440 688 1500; x_wconf 76' lang='grc' dir='ltr'><em>ποικίλαν</em></span> <span class='ocrx_word' id='word_1_84' title='bbox 700 1439 747 1500; x_wconf 89' lang='grc' dir='ltr'><strong>δεῖ</strong></span> <span class='ocrx_word' id='word_1_85' title='bbox 765 1433 873 1519; x_wconf 67' lang='grc' dir='ltr'><em>τᾶνδιχ’</em></span> <span class='ocrx_word' id='word_1_86' title='bbox 896 1434 1133 1520; x_wconf 79' lang='grc' dir='ltr'><em>ἑρμηνευμάτων,</em></span> <span class='ocrx_word' id='word_1_87' title='bbox 1156 1441 1209 1500; x_wconf 90' lang='lat' dir='ltr'><strong>ubi</strong></span> <span class='ocrx_word' id='word_1_88' title='bbox 1231 1432 1341 1516; x_wconf 69' lang='grc' dir='ltr'><em>τᾶνδιχ’</em></span> 
     </span>
     <span class='ocr_line' id='line_1_11' title="bbox 276 1541 1346 1623; baseline 0.001 -24"><span class='ocrx_word' id='word_1_89' title='bbox 276 1541 488 1603; x_wconf 80' lang='lat' dir='ltr'><strong>nominativum</strong></span> <span class='ocrx_word' id='word_1_90' title='bbox 513 1563 551 1603; x_wconf 91' lang='lat' dir='ltr'><strong>ne</strong></span> <span class='ocrx_word' id='word_1_91' title='bbox 573 1545 720 1605; x_wconf 78' lang='lat' dir='ltr'><strong>habueris.</strong></span> <span class='ocrx_word' id='word_1_92' title='bbox 742 1579 785 1590; x_wconf 91' lang='lat'><em>-</em></span> <span class='ocrx_word' id='word_1_93' title='bbox 807 1544 1018 1607; x_wconf 67' lang='lat' dir='ltr'><strong>accusativum</strong></span> <span class='ocrx_word' id='word_1_94' title='bbox 1040 1564 1094 1621; x_wconf 88' lang='lat' dir='ltr'><strong>pro</strong></span> <span class='ocrx_word' id='word_1_95' title='bbox 1117 1563 1185 1620; x_wconf 82' lang='lat' dir='ltr'><strong>gen.</strong></span> <span class='ocrx_word' id='word_1_96' title='bbox 1206 1544 1266 1617; x_wconf 83' lang='lat' dir='ltr'><strong>rei,</strong></span> <span class='ocrx_word' id='word_1_97' title='bbox 1296 1541 1346 1623; x_wconf 90' lang='lat' dir='ltr'><strong>qui</strong></span> 
     </span>
     <span class='ocr_line' id='line_1_12' title="bbox 275 1644 1347 1724; baseline 0.003 -22"><span class='ocrx_word' id='word_1_98' title='bbox 275 1644 410 1704; x_wconf 87' lang='lat' dir='ltr'><strong>adhiberi</strong></span> <span class='ocrx_word' id='word_1_99' title='bbox 431 1652 538 1723; x_wconf 90' lang='lat' dir='ltr'><strong>potest,</strong></span> <span class='ocrx_word' id='word_1_100' title='bbox 560 1648 585 1707; x_wconf 89' lang='lat' dir='ltr'><strong>si</strong></span> <span class='ocrx_word' id='word_1_101' title='bbox 601 1649 786 1724; x_wconf 88' lang='lat' dir='ltr'><strong>pronominis</strong></span> <span class='ocrx_word' id='word_1_102' title='bbox 807 1647 856 1709; x_wconf 93' lang='lat' dir='ltr'><strong>vel</strong></span> <span class='ocrx_word' id='word_1_103' title='bbox 878 1648 1017 1709; x_wconf 90' lang='lat' dir='ltr'><strong>adiectivi</strong></span> <span class='ocrx_word' id='word_1_104' title='bbox 1039 1653 1092 1720; x_wconf 86' lang='lat' dir='ltr'><strong>est,</strong></span> <span class='ocrx_word' id='word_1_105' title='bbox 1115 1646 1206 1707; x_wconf 91' lang='lat' dir='ltr'><strong>semel</strong></span> <span class='ocrx_word' id='word_1_106' title='bbox 1228 1646 1347 1723; x_wconf 86' lang='lat' dir='ltr'><strong>repperi</strong></span> 
     </span>
     <span class='ocr_line' id='line_1_13' title="bbox 276 1743 1346 1831; baseline 0.003 -26"><span class='ocrx_word' id='word_1_107' title='bbox 276 1747 345 1824; x_wconf 83' lang='lat' dir='ltr'><strong>Sup.</strong></span> <span class='ocrx_word' id='word_1_108' title='bbox 371 1753 430 1808; x_wconf 88' lang='grc'><strong>595</strong></span> <span class='ocrx_word' id='word_1_109' title='bbox 458 1747 492 1808; x_wconf 73' lang='grc' dir='ltr'><strong>ἓν</strong></span> <span class='ocrx_word' id='word_1_110' title='bbox 523 1748 570 1810; x_wconf 88' lang='grc' dir='ltr'><strong>δεῖ</strong></span> <span class='ocrx_word' id='word_1_111' title='bbox 594 1743 686 1825; x_wconf 86' lang='grc' dir='ltr'><em>μόνον</em></span> <span class='ocrx_word' id='word_1_112' title='bbox 716 1771 766 1826; x_wconf 86' lang='grc' dir='ltr'><strong>μοι</strong></span> <span class='ocrx_word' id='word_1_113' title='bbox 788 1751 826 1831; x_wconf 93' lang='grc' dir='ltr'><strong>(Ι.</strong></span> <span class='ocrx_word' id='word_1_114' title='bbox 848 1751 880 1810; x_wconf 83' lang='grc' dir='ltr'><strong>Τ.</strong></span> <span class='ocrx_word' id='word_1_115' title='bbox 906 1751 987 1809; x_wconf 89' lang='grc'><strong>1027</strong></span> <span class='ocrx_word' id='word_1_116' title='bbox 1010 1745 1076 1821; x_wconf 59' lang='lat' dir='ltr'><strong>tote</strong></span> <span class='ocrx_word' id='word_1_117' title='bbox 1099 1743 1193 1825; x_wconf 82' lang='grc' dir='ltr'>μόνου</span> <span class='ocrx_word' id='word_1_118' title='bbox 1216 1748 1282 1826; x_wconf 83' lang='grc' dir='ltr'><em>δεῖ).</em></span> <span class='ocrx_word' id='word_1_119' title='bbox 1309 1782 1346 1792; x_wconf 89' lang='lat'>-</span> 
     </span>
     <span class='ocr_line' id='line_1_14' title="bbox 277 1852 1349 1932; baseline 0.001 -22"><span class='ocrx_word' id='word_1_120' title='bbox 277 1852 403 1912; x_wconf 90' lang='lat' dir='ltr'><strong>Dativus</strong></span> <span class='ocrx_word' id='word_1_121' title='bbox 433 1873 499 1913; x_wconf 92' lang='lat' dir='ltr'><strong>oum</strong></span> <span class='ocrx_word' id='word_1_122' title='bbox 527 1855 590 1928; x_wconf 77' lang='lat' dir='ltr'><strong>ins,</strong></span> <span class='ocrx_word' id='word_1_123' title='bbox 620 1875 690 1915; x_wconf 89' lang='lat' dir='ltr'><strong>usus</strong></span> <span class='ocrx_word' id='word_1_124' title='bbox 719 1856 886 1915; x_wconf 91' lang='lat' dir='ltr'><strong>rarissimus</strong></span> <span class='ocrx_word' id='word_1_125' title='bbox 915 1873 968 1930; x_wconf 94' lang='lat' dir='ltr'><strong>pro</strong></span> <span class='ocrx_word' id='word_1_126' title='bbox 990 1873 1049 1914; x_wconf 90' lang='lat' dir='ltr'><strong>aco.</strong></span> <span class='ocrx_word' id='word_1_127' title='bbox 1073 1873 1097 1914; x_wconf 90' lang='grc' dir='ltr'><strong>ο.</strong></span> <span class='ocrx_word' id='word_1_128' title='bbox 1119 1855 1182 1927; x_wconf 72' lang='lat' dir='ltr'><strong>inf„</strong></span> <span class='ocrx_word' id='word_1_129' title='bbox 1214 1853 1349 1932; x_wconf 88' lang='lat' dir='ltr'><strong>sequitur</strong></span> 
     </span>
    </p>
   </div>
   <div class='ocr_carea' id='block_1_3' title="bbox 279 1948 1352 2452">
    <p class='ocr_par' dir='ltr' id='par_1_4' title="bbox 279 1948 1352 2452">
     <span class='ocr_line' id='line_1_15' title="bbox 280 1948 1348 2035; baseline 0 -23"><span class='ocrx_word' id='word_1_130' title='bbox 280 1951 327 2012; x_wconf 90' lang='grc' dir='ltr'><strong>δεῖ</strong></span> <span class='ocrx_word' id='word_1_131' title='bbox 345 1956 418 2032; x_wconf 89' lang='lat' dir='ltr'><strong>Hip.</strong></span> <span class='ocrx_word' id='word_1_132' title='bbox 443 1957 502 2017; x_wconf 92' lang='grc'><strong>987</strong></span> <span class='ocrx_word' id='word_1_133' title='bbox 527 1961 625 2017; x_wconf 88' lang='grc' dir='ltr'><em>θεοῖσι</em></span> <span class='ocrx_word' id='word_1_134' title='bbox 647 1956 826 2035; x_wconf 78' lang='grc' dir='ltr'><em>προσβαλεῖν</em></span> <span class='ocrx_word' id='word_1_135' title='bbox 847 1955 935 2035; x_wconf 84' lang='grc' dir='ltr'><em>χθονί</em></span> <span class='ocrx_word' id='word_1_136' title='bbox 958 1948 1046 2032; x_wconf 75' lang='grc' dir='ltr'><em>ὅλῖιχν</em></span> <span class='ocrx_word' id='word_1_137' title='bbox 1069 1950 1166 2032; x_wconf 76' lang='grc' dir='ltr'><em>δεήσει</em></span> <span class='ocrx_word' id='word_1_138' title='bbox 1188 1959 1284 2034; x_wconf 87' lang='grc' dir='ltr'><em>χαῖαν.</em></span> <span class='ocrx_word' id='word_1_139' title='bbox 1307 1987 1348 1999; x_wconf 89' lang='grc'><strong>-</strong></span> 
     </span>
     <span class='ocr_line' id='line_1_16' title="bbox 279 2048 1349 2138; baseline -0.001 -21"><span class='ocrx_word' id='word_1_140' title='bbox 279 2060 390 2118; x_wconf 86' lang='lat' dir='ltr'><strong>Eadem</strong></span> <span class='ocrx_word' id='word_1_141' title='bbox 423 2067 468 2120; x_wconf 88' lang='lat' dir='ltr'><strong>est</strong></span> <span class='ocrx_word' id='word_1_142' title='bbox 499 2063 677 2122; x_wconf 88' lang='lat' dir='ltr'><strong>constructio</strong></span> <span class='ocrx_word' id='word_1_143' title='bbox 708 2062 794 2122; x_wconf 92' lang='lat' dir='ltr'><strong>verbi</strong></span> <span class='ocrx_word' id='word_1_144' title='bbox 821 2063 893 2138; x_wconf 90' lang='lat' dir='ltr'><strong>imp.</strong></span> <span class='ocrx_word' id='word_1_145' title='bbox 926 2054 997 2137; x_wconf 75' lang='grc' dir='ltr'><strong>χρή</strong></span> <span class='ocrx_word' id='word_1_146' title='bbox 1028 2061 1084 2119; x_wconf 93' lang='lat' dir='ltr'><strong>Ion</strong></span> <span class='ocrx_word' id='word_1_147' title='bbox 1110 2065 1189 2119; x_wconf 89' lang='grc'><strong>1819</strong></span> <span class='ocrx_word' id='word_1_148' title='bbox 1218 2061 1293 2117; x_wconf 84' lang='grc' dir='ltr'><em>τοῖσι</em></span> <span class='ocrx_word' id='word_1_149' title='bbox 1323 2048 1349 2116; x_wconf 85' lang='grc' dir='ltr'><strong>δ’</strong></span> 
     </span>
     <span class='ocr_line' id='line_1_17' title="bbox 280 2156 1350 2245; baseline 0.001 -25"><span class='ocrx_word' id='word_1_150' title='bbox 280 2157 407 2230; x_wconf 79' lang='grc' dir='ltr'><em>ἐνδίκοις</em></span> <span class='ocrx_word' id='word_1_151' title='bbox 438 2156 502 2243; x_wconf 80' lang='grc' dir='ltr'><strong>ίερᾶ</strong></span> <span class='ocrx_word' id='word_1_152' title='bbox 532 2161 664 2236; x_wconf 81' lang='grc' dir='ltr'><em>καθίζειν</em></span> <span class='ocrx_word' id='word_1_153' title='bbox 695 2163 797 2243; x_wconf 76' lang='grc' dir='ltr'><em>ἐχρῆν,</em></span> <span class='ocrx_word' id='word_1_154' title='bbox 820 2185 907 2245; x_wconf 88' lang='lat' dir='ltr'><strong>quem</strong></span> <span class='ocrx_word' id='word_1_155' title='bbox 928 2165 1038 2224; x_wconf 87' lang='lat' dir='ltr'><strong>frustra</strong></span> <span class='ocrx_word' id='word_1_156' title='bbox 1059 2163 1213 2223; x_wconf 91' lang='lat' dir='ltr'><strong>Dobraeus</strong></span> <span class='ocrx_word' id='word_1_157' title='bbox 1235 2166 1350 2222; x_wconf 87' lang='lat' dir='ltr'><strong>tentare</strong></span> 
     </span>
     <span class='ocr_line' id='line_1_18' title="bbox 280 2261 1352 2348; baseline 0 -24"><span class='ocrx_word' id='word_1_158' title='bbox 280 2266 352 2324; x_wconf 93' lang='lat' dir='ltr'><strong>mihi</strong></span> <span class='ocrx_word' id='word_1_159' title='bbox 374 2267 506 2342; x_wconf 83' lang='lat' dir='ltr'><strong>videtur,</strong></span> <span class='ocrx_word' id='word_1_160' title='bbox 537 2269 588 2348; x_wconf 91' lang='lat' dir='ltr'><strong>qui</strong></span> <span class='ocrx_word' id='word_1_161' title='bbox 611 2267 729 2347; x_wconf 84' lang='lat' dir='ltr'><strong>scripsit</strong></span> <span class='ocrx_word' id='word_1_162' title='bbox 749 2261 820 2338; x_wconf 73' lang='grc' dir='ltr'><em>τοῖς</em></span> <span class='ocrx_word' id='word_1_163' title='bbox 843 2265 875 2327; x_wconf 81' lang='grc' dir='ltr'><strong>δέ</strong></span> <span class='ocrx_word' id='word_1_164' title='bbox 896 2261 919 2348; x_wconf 84' lang='grc' dir='ltr'><strong>χ’</strong></span> <span class='ocrx_word' id='word_1_165' title='bbox 947 2265 1091 2336; x_wconf 77' lang='grc' dir='ltr'><em>ἐκδίκους.</em></span> <span class='ocrx_word' id='word_1_166' title='bbox 1135 2268 1210 2325; x_wconf 88' lang='lat' dir='ltr'><strong>Nam</strong></span> <span class='ocrx_word' id='word_1_167' title='bbox 1233 2285 1298 2325; x_wconf 92' lang='lat' dir='ltr'><strong>cum</strong></span> <span class='ocrx_word' id='word_1_168' title='bbox 1321 2271 1352 2325; x_wconf 90' lang='lat' dir='ltr'><strong>et</strong></span> 
     </span>
     <span class='ocr_line' id='line_1_19' title="bbox 280 2363 1351 2452; baseline 0 -24"><span class='ocrx_word' id='word_1_169' title='bbox 280 2370 445 2448; x_wconf 81' lang='lat' dir='ltr'><strong>Aeschylus</strong></span> <span class='ocrx_word' id='word_1_170' title='bbox 474 2378 505 2432; x_wconf 90' lang='lat' dir='ltr'><strong>et</strong></span> <span class='ocrx_word' id='word_1_171' title='bbox 527 2372 687 2449; x_wconf 83' lang='lat' dir='ltr'><strong>Sophocles</strong></span> <span class='ocrx_word' id='word_1_172' title='bbox 716 2373 813 2433; x_wconf 88' lang='lat' dir='ltr'><strong>locum</strong></span> <span class='ocrx_word' id='word_1_173' title='bbox 836 2372 1013 2445; x_wconf 85' lang='lat' dir='ltr'><strong>exhibeant,</strong></span> <span class='ocrx_word' id='word_1_174' title='bbox 1044 2390 1102 2452; x_wconf 90' lang='lat' dir='ltr'><strong>quo</strong></span> <span class='ocrx_word' id='word_1_175' title='bbox 1125 2363 1181 2448; x_wconf 75' lang='grc' dir='ltr'><strong>χρή</strong></span> <span class='ocrx_word' id='word_1_176' title='bbox 1204 2389 1269 2430; x_wconf 89' lang='lat' dir='ltr'><strong>cum</strong></span> <span class='ocrx_word' id='word_1_177' title='bbox 1292 2371 1351 2428; x_wconf 91' lang='lat' dir='ltr'><strong>dat.</strong></span> 
     </span>
    </p>
   </div>
   <div class='ocr_carea' id='block_1_4' title="bbox 281 2471 1356 4314">
    <p class='ocr_par' dir='ltr' id='par_1_5' title="bbox 281 2471 1353 3067">
     <span class='ocr_line' id='line_1_20' title="bbox 281 2471 1352 2551; baseline -0.002 -18"><span class='ocrx_word' id='word_1_178' title='bbox 281 2474 455 2533; x_wconf 90' lang='lat' dir='ltr'><strong>coniunctus</strong></span> <span class='ocrx_word' id='word_1_179' title='bbox 477 2482 536 2547; x_wconf 91' lang='lat' dir='ltr'><strong>est,</strong></span> <span class='ocrx_word' id='word_1_180' title='bbox 568 2475 643 2535; x_wconf 88' lang='lat' dir='ltr'><strong>alins</strong></span> <span class='ocrx_word' id='word_1_181' title='bbox 675 2476 757 2536; x_wconf 88' lang='lat' dir='ltr'><strong>locus</strong></span> <span class='ocrx_word' id='word_1_182' title='bbox 778 2476 829 2534; x_wconf 93' lang='lat' dir='ltr'><strong>alii</strong></span> <span class='ocrx_word' id='word_1_183' title='bbox 851 2475 998 2551; x_wconf 90' lang='lat' dir='ltr'><strong>praesidio</strong></span> <span class='ocrx_word' id='word_1_184' title='bbox 1027 2480 1074 2534; x_wconf 88' lang='lat' dir='ltr'><strong>est</strong></span> <span class='ocrx_word' id='word_1_185' title='bbox 1094 2478 1125 2533; x_wconf 91' lang='lat' dir='ltr'><strong>et</strong></span> <span class='ocrx_word' id='word_1_186' title='bbox 1146 2473 1234 2532; x_wconf 93' lang='lat' dir='ltr'><strong>nimis</strong></span> <span class='ocrx_word' id='word_1_187' title='bbox 1255 2471 1352 2548; x_wconf 85' lang='lat' dir='ltr'><strong>arguti</strong></span> 
     </span>
     <span class='ocr_line' id='line_1_21' title="bbox 281 2574 1352 2656; baseline -0.002 -22"><span class='ocrx_word' id='word_1_188' title='bbox 281 2577 417 2650; x_wconf 86' lang='lat' dir='ltr'><strong>fuerunt,</strong></span> <span class='ocrx_word' id='word_1_189' title='bbox 450 2578 502 2656; x_wconf 91' lang='lat' dir='ltr'><strong>qui</strong></span> <span class='ocrx_word' id='word_1_190' title='bbox 532 2578 689 2638; x_wconf 88' lang='lat' dir='ltr'><strong>lectionem</strong></span> <span class='ocrx_word' id='word_1_191' title='bbox 722 2579 861 2639; x_wconf 85' lang='lat' dir='ltr'><strong>traditam</strong></span> <span class='ocrx_word' id='word_1_192' title='bbox 881 2595 1034 2637; x_wconf 91' lang='lat' dir='ltr'><strong>removere</strong></span> <span class='ocrx_word' id='word_1_193' title='bbox 1057 2577 1217 2635; x_wconf 88' lang='lat' dir='ltr'><strong>studerent.</strong></span> <span class='ocrx_word' id='word_1_194' title='bbox 1261 2574 1352 2650; x_wconf 84' lang='lat' dir='ltr'><strong>Soph.</strong></span> 
     </span>
     <span class='ocr_line' id='line_1_22' title="bbox 281 2669 1351 2766; baseline -0.007 -27"><span class='ocrx_word' id='word_1_195' title='bbox 281 2684 352 2739; x_wconf 85' lang='lat' dir='ltr'><strong>Ant.</strong></span> <span class='ocrx_word' id='word_1_196' title='bbox 370 2679 440 2740; x_wconf 90' lang='grc'><strong>786.</strong></span> <span class='ocrx_word' id='word_1_197' title='bbox 463 2672 540 2766; x_wconf 65' lang='grc' dir='ltr'><em>ἄλλα</em></span> <span class='ocrx_word' id='word_1_198' title='bbox 562 2672 618 2758; x_wconf 80' lang='grc' dir='ltr'><em>χοῖρ</em></span> <span class='ocrx_word' id='word_1_199' title='bbox 641 2673 662 2757; x_wconf 79' lang='grc' dir='ltr'><em>ἢ</em></span> <span class='ocrx_word' id='word_1_200' title='bbox 684 2677 751 2757; x_wconf 71' lang='grc' dir='ltr'><strong>ἐμοὶ</strong></span> <span class='ocrx_word' id='word_1_201' title='bbox 772 2673 826 2757; x_wconf 81' lang='grc' dir='ltr'><strong>χρή</strong></span> <span class='ocrx_word' id='word_1_202' title='bbox 842 2698 874 2757; x_wconf 87' lang='grc' dir='ltr'><strong>χε</strong></span> <span class='ocrx_word' id='word_1_203' title='bbox 888 2671 972 2754; x_wconf 82' lang='grc' dir='ltr'><em>τῆσδ’</em></span> <span class='ocrx_word' id='word_1_204' title='bbox 999 2669 1097 2753; x_wconf 77' lang='grc' dir='ltr'><em>ιῖρχειν</em></span> <span class='ocrx_word' id='word_1_205' title='bbox 1118 2672 1245 2753; x_wconf 69' lang='grc' dir='ltr'><em>χθονός,</em></span> <span class='ocrx_word' id='word_1_206' title='bbox 1268 2677 1351 2735; x_wconf 94' lang='lat' dir='ltr'><strong>Idem</strong></span> 
     </span>
     <span class='ocr_line' id='line_1_23' title="bbox 283 2774 1351 2863; baseline -0.005 -22"><span class='ocrx_word' id='word_1_207' title='bbox 283 2783 374 2842; x_wconf 89' lang='lat' dir='ltr'><strong>Dobr.</strong></span> <span class='ocrx_word' id='word_1_208' title='bbox 404 2781 453 2842; x_wconf 92' lang='lat' dir='ltr'><strong>hic</strong></span> <span class='ocrx_word' id='word_1_209' title='bbox 475 2802 509 2858; x_wconf 86' lang='grc' dir='ltr'><strong>με</strong></span> <span class='ocrx_word' id='word_1_210' title='bbox 531 2802 585 2859; x_wconf 93' lang='lat' dir='ltr'><strong>pro</strong></span> <span class='ocrx_word' id='word_1_211' title='bbox 608 2802 639 2861; x_wconf 81' lang='lat' dir='ltr'><strong>ys</strong></span> <span class='ocrx_word' id='word_1_212' title='bbox 661 2784 774 2860; x_wconf 91' lang='lat' dir='ltr'><strong>posuit,</strong></span> <span class='ocrx_word' id='word_1_213' title='bbox 797 2788 831 2843; x_wconf 93' lang='lat' dir='ltr'><strong>ut</strong></span> <span class='ocrx_word' id='word_1_214' title='bbox 852 2774 928 2863; x_wconf 73' lang='grc' dir='ltr'><strong>ἄλλῳ</strong></span> <span class='ocrx_word' id='word_1_215' title='bbox 951 2785 982 2841; x_wconf 95' lang='lat' dir='ltr'><strong>et</strong></span> <span class='ocrx_word' id='word_1_216' title='bbox 1004 2777 1069 2857; x_wconf 79' lang='grc' dir='ltr'><em>ἐμοί</em></span> <span class='ocrx_word' id='word_1_217' title='bbox 1092 2780 1185 2840; x_wconf 90' lang='lat' dir='ltr'><strong>dativi</strong></span> <span class='ocrx_word' id='word_1_218' title='bbox 1208 2777 1351 2839; x_wconf 91' lang='lat' dir='ltr'><strong>commodi</strong></span> 
     </span>
     <span class='ocr_line' id='line_1_24' title="bbox 284 2871 1353 2962; baseline -0.006 -18"><span class='ocrx_word' id='word_1_219' title='bbox 284 2885 352 2946; x_wconf 90' lang='lat' dir='ltr'><strong>sint.</strong></span> <span class='ocrx_word' id='word_1_220' title='bbox 397 2886 504 2946; x_wconf 84' lang='lat' dir='ltr'><strong>Aesch.</strong></span> <span class='ocrx_word' id='word_1_221' title='bbox 536 2887 620 2948; x_wconf 84' lang='lat' dir='ltr'><strong>Eum.</strong></span> <span class='ocrx_word' id='word_1_222' title='bbox 645 2886 705 2946; x_wconf 94' lang='grc'><strong>710</strong></span> <span class='ocrx_word' id='word_1_223' title='bbox 739 2878 915 2962; x_wconf 82' lang='grc' dir='ltr'><em>ὀρθοῦσθαι</em></span> <span class='ocrx_word' id='word_1_224' title='bbox 946 2877 978 2942; x_wconf 75' lang='grc' dir='ltr'><strong>δὲ</strong></span> <span class='ocrx_word' id='word_1_225' title='bbox 1005 2875 1060 2962; x_wconf 78' lang='grc' dir='ltr'><strong>χρή</strong></span> <span class='ocrx_word' id='word_1_226' title='bbox 1088 2878 1278 2958; x_wconf 84' lang='grc' dir='ltr'><em>αίδονμίνοις</em></span> <span class='ocrx_word' id='word_1_227' title='bbox 1298 2871 1353 2939; x_wconf 84' lang='grc' dir='ltr'><strong>τδν</strong></span> 
     </span>
     <span class='ocr_line' id='line_1_25' title="bbox 283 2981 800 3067; baseline 0.006 -20"><span class='ocrx_word' id='word_1_228' title='bbox 283 2981 383 3067; x_wconf 77' lang='grc' dir='ltr'><em>ὅρκον.</em></span> <span class='ocrx_word' id='word_1_229' title='bbox 427 2990 573 3050; x_wconf 75' lang='lat' dir='ltr'><strong>(lanterna</strong></span> <span class='ocrx_word' id='word_1_230' title='bbox 595 2985 800 3064; x_wconf 82' lang='grc' dir='ltr'><em>αίδονμὲνονς.</em></span> 
     </span>
    </p>

    <p class='ocr_par' dir='ltr' id='par_1_6' title="bbox 283 3081 1356 3481">
     <span class='ocr_line' id='line_1_26' title="bbox 369 3081 1354 3170; baseline -0.007 -19"><span class='ocrx_word' id='word_1_231' title='bbox 369 3092 442 3152; x_wconf 87' lang='lat' dir='ltr'><strong>Hec.</strong></span> <span class='ocrx_word' id='word_1_232' title='bbox 466 3094 527 3154; x_wconf 94' lang='grc'><strong>957</strong></span> <span class='ocrx_word' id='word_1_233' title='bbox 558 3091 602 3162; x_wconf 82' lang='grc' dir='ltr'><strong>τίς</strong></span> <span class='ocrx_word' id='word_1_234' title='bbox 631 3091 712 3170; x_wconf 81' lang='grc' dir='ltr'><em>χρεία</em></span> <span class='ocrx_word' id='word_1_235' title='bbox 743 3085 768 3150; x_wconf 91' lang='grc' dir='ltr'><strong>σ’</strong></span> <span class='ocrx_word' id='word_1_236' title='bbox 797 3088 888 3167; x_wconf 73' lang='grc' dir='ltr'><em>ἐμοῦ,</em></span> <span class='ocrx_word' id='word_1_237' title='bbox 918 3090 968 3169; x_wconf 85' lang='lat' dir='ltr'><strong>(of.</strong></span> <span class='ocrx_word' id='word_1_238' title='bbox 997 3089 1034 3148; x_wconf 91' lang='lat' dir='ltr'><strong>Il.</strong></span> <span class='ocrx_word' id='word_1_239' title='bbox 1057 3091 1088 3145; x_wconf 86' lang='grc' dir='ltr'><em>Α</em></span> <span class='ocrx_word' id='word_1_240' title='bbox 1112 3094 1172 3147; x_wconf 90' lang='grc'><strong>606</strong></span> <span class='ocrx_word' id='word_1_241' title='bbox 1202 3086 1230 3146; x_wconf 85' lang='grc' dir='ltr'><strong>τί</strong></span> <span class='ocrx_word' id='word_1_242' title='bbox 1260 3081 1294 3146; x_wconf 77' lang='grc' dir='ltr'><strong>δέ</strong></span> <span class='ocrx_word' id='word_1_243' title='bbox 1323 3101 1354 3144; x_wconf 94' lang='grc' dir='ltr'><strong>σε</strong></span> 
     </span>
     <span class='ocr_line' id='line_1_27' title="bbox 283 3187 1354 3278; baseline -0.006 -25"><span class='ocrx_word' id='word_1_244' title='bbox 283 3187 358 3274; x_wconf 84' lang='grc' dir='ltr'><em>χρεοδ</em></span> <span class='ocrx_word' id='word_1_245' title='bbox 381 3193 491 3276; x_wconf 71' lang='grc' dir='ltr'><em>ε’μεῖος)</em></span> <span class='ocrx_word' id='word_1_246' title='bbox 513 3197 621 3278; x_wconf 92' lang='lat' dir='ltr'><strong>inqua</strong></span> <span class='ocrx_word' id='word_1_247' title='bbox 642 3197 800 3269; x_wconf 88' lang='lat' dir='ltr'><strong>locutione,</strong></span> <span class='ocrx_word' id='word_1_248' title='bbox 823 3197 859 3255; x_wconf 91' lang='lat' dir='ltr'><strong>ad</strong></span> <span class='ocrx_word' id='word_1_249' title='bbox 874 3193 977 3272; x_wconf 90' lang='lat' dir='ltr'><strong>populi</strong></span> <span class='ocrx_word' id='word_1_250' title='bbox 1001 3210 1164 3252; x_wconf 89' lang='lat' dir='ltr'><strong>sermonem</strong></span> <span class='ocrx_word' id='word_1_251' title='bbox 1180 3191 1354 3262; x_wconf 89' lang='lat' dir='ltr'><strong>revocanda,</strong></span> 
     </span>
     <span class='ocr_line' id='line_1_28' title="bbox 285 3289 1356 3376; baseline -0.007 -18"><span class='ocrx_word' id='word_1_252' title='bbox 285 3299 423 3358; x_wconf 86' lang='lat' dir='ltr'><strong>omissum</strong></span> <span class='ocrx_word' id='word_1_253' title='bbox 447 3303 492 3359; x_wconf 86' lang='lat' dir='ltr'><strong>est</strong></span> <span class='ocrx_word' id='word_1_254' title='bbox 513 3295 580 3375; x_wconf 71' lang='grc' dir='ltr'><em>ἔχει,</em></span> <span class='ocrx_word' id='word_1_255' title='bbox 603 3301 640 3361; x_wconf 83' lang='lat' dir='ltr'><strong>cf.</strong></span> <span class='ocrx_word' id='word_1_256' title='bbox 655 3300 745 3376; x_wconf 83' lang='lat' dir='ltr'><strong>Soph.</strong></span> <span class='ocrx_word' id='word_1_257' title='bbox 761 3298 839 3358; x_wconf 93' lang='lat' dir='ltr'><strong>Phil.</strong></span> <span class='ocrx_word' id='word_1_258' title='bbox 856 3303 916 3356; x_wconf 88' lang='grc'><strong>646</strong></span> <span class='ocrx_word' id='word_1_259' title='bbox 940 3289 1011 3355; x_wconf 81' lang='grc' dir='ltr'><em>ὅτου</em></span> <span class='ocrx_word' id='word_1_260' title='bbox 1033 3311 1065 3354; x_wconf 90' lang='grc' dir='ltr'><strong>σε</strong></span> <span class='ocrx_word' id='word_1_261' title='bbox 1086 3291 1167 3373; x_wconf 90' lang='grc' dir='ltr'><em>χρεία</em></span> <span class='ocrx_word' id='word_1_262' title='bbox 1182 3289 1232 3352; x_wconf 85' lang='grc' dir='ltr'><em>καῖ</em></span> <span class='ocrx_word' id='word_1_263' title='bbox 1255 3289 1356 3361; x_wconf 78' lang='grc' dir='ltr'><em>πόθος</em></span> 
     </span>
     <span class='ocr_line' id='line_1_29' title="bbox 284 3395 490 3481; baseline -0.005 -20"><span class='ocrx_word' id='word_1_264' title='bbox 284 3395 400 3481; x_wconf 80' lang='grc' dir='ltr'><em>μάλιστ’</em></span> <span class='ocrx_word' id='word_1_265' title='bbox 426 3398 490 3478; x_wconf 69' lang='grc' dir='ltr'><em>ἔχει.</em></span> 
     </span>
    </p>

    <p class='ocr_par' dir='ltr' id='par_1_7' title="bbox 286 3498 1356 4314">
     <span class='ocr_line' id='line_1_30' title="bbox 371 3498 1354 3580; baseline -0.012 -13"><span class='ocrx_word' id='word_1_266' title='bbox 371 3507 492 3567; x_wconf 87' lang='lat' dir='ltr'><strong>Verba</strong></span> <span class='ocrx_word' id='word_1_267' title='bbox 513 3507 557 3566; x_wconf 94' lang='lat' dir='ltr'><strong>ad</strong></span> <span class='ocrx_word' id='word_1_268' title='bbox 579 3507 693 3565; x_wconf 92' lang='lat' dir='ltr'><strong>animi</strong></span> <span class='ocrx_word' id='word_1_269' title='bbox 716 3507 879 3565; x_wconf 85' lang='lat' dir='ltr'><strong>affectus</strong></span> <span class='ocrx_word' id='word_1_270' title='bbox 901 3502 1125 3580; x_wconf 85' lang='lat' dir='ltr'><strong>spectantia.</strong></span> <span class='ocrx_word' id='word_1_271' title='bbox 1158 3500 1207 3579; x_wconf 91' lang='lat' dir='ltr'><strong>(K.</strong></span> <span class='ocrx_word' id='word_1_272' title='bbox 1224 3503 1295 3557; x_wconf 85' lang='grc'><strong>255.</strong></span> <span class='ocrx_word' id='word_1_273' title='bbox 1313 3498 1354 3573; x_wconf 91' lang='grc'><strong>5.)</strong></span> 
     </span>
     <span class='ocr_line' id='line_1_31' title="bbox 286 3599 1351 3687; baseline -0.01 -17"><span class='ocrx_word' id='word_1_274' title='bbox 286 3611 419 3676; x_wconf 78' lang='lat' dir='ltr'><strong>Quorum</strong></span> <span class='ocrx_word' id='word_1_275' title='bbox 447 3609 540 3670; x_wconf 92' lang='lat' dir='ltr'><strong>multa</strong></span> <span class='ocrx_word' id='word_1_276' title='bbox 561 3601 793 3687; x_wconf 76' lang='grc' dir='ltr'><em>(φνλάττεσθαι,</em></span> <span class='ocrx_word' id='word_1_277' title='bbox 817 3599 1024 3684; x_wconf 78' lang='grc' dir='ltr'><em>αἰσχύνεσθαι,</em></span> <span class='ocrx_word' id='word_1_278' title='bbox 1047 3600 1199 3662; x_wconf 82' lang='grc' dir='ltr'><em>αἰδεῖσθαι</em></span> <span class='ocrx_word' id='word_1_279' title='bbox 1221 3601 1290 3681; x_wconf 84' lang='lat' dir='ltr'><strong>oet)</strong></span> <span class='ocrx_word' id='word_1_280' title='bbox 1314 3602 1351 3660; x_wconf 93' lang='lat' dir='ltr'><strong>ab</strong></span> 
     </span>
     <span class='ocr_line' id='line_1_32' title="bbox 287 3704 1356 3790; baseline -0.012 -15"><span class='ocrx_word' id='word_1_281' title='bbox 287 3714 424 3775; x_wconf 88' lang='lat' dir='ltr'><strong>omnibus</strong></span> <span class='ocrx_word' id='word_1_282' title='bbox 441 3713 634 3790; x_wconf 86' lang='lat' dir='ltr'><strong>scriptoribus</strong></span> <span class='ocrx_word' id='word_1_283' title='bbox 656 3712 813 3772; x_wconf 87' lang='lat' dir='ltr'><strong>transitivo</strong></span> <span class='ocrx_word' id='word_1_284' title='bbox 834 3711 1021 3770; x_wconf 72' lang='lat' dir='ltr'><strong>adhibentur.</strong></span> <span class='ocrx_word' id='word_1_285' title='bbox 1056 3707 1124 3766; x_wconf 83' lang='lat' dir='ltr'><strong>Alia</strong></span> <span class='ocrx_word' id='word_1_286' title='bbox 1145 3711 1243 3766; x_wconf 89' lang='lat' dir='ltr'><strong>autem</strong></span> <span class='ocrx_word' id='word_1_287' title='bbox 1264 3704 1356 3764; x_wconf 90' lang='lat' dir='ltr'><strong>verba</strong></span> 
     </span>
     <span class='ocr_line' id='line_1_33' title="bbox 288 3812 1356 3897; baseline -0.01 -21"><span class='ocrx_word' id='word_1_288' title='bbox 288 3822 365 3890; x_wconf 88' lang='lat' dir='ltr'><strong>sunt,</strong></span> <span class='ocrx_word' id='word_1_289' title='bbox 389 3837 472 3897; x_wconf 86' lang='lat' dir='ltr'><strong>quae,</strong></span> <span class='ocrx_word' id='word_1_290' title='bbox 495 3817 526 3875; x_wconf 90' lang='lat' dir='ltr'><strong>iu</strong></span> <span class='ocrx_word' id='word_1_291' title='bbox 542 3817 672 3894; x_wconf 89' lang='lat' dir='ltr'><strong>pedestri</strong></span> <span class='ocrx_word' id='word_1_292' title='bbox 688 3833 823 3875; x_wconf 89' lang='lat' dir='ltr'><strong>sermone</strong></span> <span class='ocrx_word' id='word_1_293' title='bbox 838 3812 1027 3874; x_wconf 86' lang='lat' dir='ltr'><strong>intransitive</strong></span> <span class='ocrx_word' id='word_1_294' title='bbox 1043 3814 1219 3882; x_wconf 81' lang='lat' dir='ltr'><strong>constructa,</strong></span> <span class='ocrx_word' id='word_1_295' title='bbox 1241 3812 1356 3884; x_wconf 82' lang='lat' dir='ltr'><strong>poetae,</strong></span> 
     </span>
     <span class='ocr_line' id='line_1_34' title="bbox 287 3910 1355 3998; baseline -0.01 -18"><span class='ocrx_word' id='word_1_296' title='bbox 287 3941 354 3980; x_wconf 87' lang='lat' dir='ltr'><strong>raro</strong></span> <span class='ocrx_word' id='word_1_297' title='bbox 384 3921 441 3997; x_wconf 91' lang='lat' dir='ltr'><strong>ipsi</strong></span> <span class='ocrx_word' id='word_1_298' title='bbox 465 3921 593 3998; x_wconf 91' lang='lat' dir='ltr'><strong>quidem,</strong></span> <span class='ocrx_word' id='word_1_299' title='bbox 617 3919 772 3979; x_wconf 85' lang='lat' dir='ltr'><strong>transitiva</strong></span> <span class='ocrx_word' id='word_1_300' title='bbox 799 3917 921 3977; x_wconf 84' lang='lat' dir='ltr'><strong>faciunt.</strong></span> <span class='ocrx_word' id='word_1_301' title='bbox 965 3915 1143 3974; x_wconf 90' lang='lat' dir='ltr'><strong>Kuehnerus</strong></span> <span class='ocrx_word' id='word_1_302' title='bbox 1165 3912 1243 3990; x_wconf 90' lang='lat' dir='ltr'><strong>quod</strong></span> <span class='ocrx_word' id='word_1_303' title='bbox 1265 3911 1302 3969; x_wconf 91' lang='lat' dir='ltr'><strong>Il.</strong></span> <span class='ocrx_word' id='word_1_304' title='bbox 1318 3910 1355 3969; x_wconf 84' lang='lat' dir='ltr'><strong>E.</strong></span> 
     </span>
     <span class='ocr_line' id='line_1_35' title="bbox 290 4013 1355 4100; baseline -0.014 -16"><span class='ocrx_word' id='word_1_305' title='bbox 290 4030 348 4084; x_wconf 91' lang='grc'><strong>861</strong></span> <span class='ocrx_word' id='word_1_306' title='bbox 374 4017 481 4100; x_wconf 73' lang='grc' dir='ltr'><em>ἤχθετο</em></span> <span class='ocrx_word' id='word_1_307' title='bbox 504 4020 586 4092; x_wconf 77' lang='grc' dir='ltr'><em>ἓικος</em></span> <span class='ocrx_word' id='word_1_308' title='bbox 609 4024 665 4082; x_wconf 92' lang='lat' dir='ltr'><strong>hoc</strong></span> <span class='ocrx_word' id='word_1_309' title='bbox 686 4022 751 4081; x_wconf 94' lang='lat' dir='ltr'><strong>looo</strong></span> <span class='ocrx_word' id='word_1_310' title='bbox 774 4026 805 4081; x_wconf 90' lang='lat' dir='ltr'><strong>et</strong></span> <span class='ocrx_word' id='word_1_311' title='bbox 826 4021 880 4079; x_wconf 91' lang='lat' dir='ltr'><strong>sub</strong></span> <span class='ocrx_word' id='word_1_312' title='bbox 904 4039 961 4078; x_wconf 92' lang='lat' dir='ltr'><strong>acc.</strong></span> <span class='ocrx_word' id='word_1_313' title='bbox 985 4019 1103 4077; x_wconf 91' lang='lat' dir='ltr'><strong>imman.</strong></span> <span class='ocrx_word' id='word_1_314' title='bbox 1126 4031 1155 4092; x_wconf 91' lang='lat' dir='ltr'><strong>p.</strong></span> <span class='ocrx_word' id='word_1_315' title='bbox 1172 4014 1230 4074; x_wconf 89' lang='grc'><strong>271</strong></span> <span class='ocrx_word' id='word_1_316' title='bbox 1256 4013 1355 4072; x_wconf 87' lang='lat' dir='ltr'><strong>lauda-</strong></span> 
     </span>
     <span class='ocr_line' id='line_1_36' title="bbox 288 4116 1356 4205; baseline -0.015 -15"><span class='ocrx_word' id='word_1_317' title='bbox 288 4133 341 4205; x_wconf 87' lang='lat' dir='ltr'><strong>vit,</strong></span> <span class='ocrx_word' id='word_1_318' title='bbox 365 4129 514 4189; x_wconf 89' lang='lat' dir='ltr'><strong>dubitasse</strong></span> <span class='ocrx_word' id='word_1_319' title='bbox 528 4128 655 4199; x_wconf 88' lang='lat' dir='ltr'><strong>videtur,</strong></span> <span class='ocrx_word' id='word_1_320' title='bbox 677 4125 794 4185; x_wconf 88' lang='lat' dir='ltr'><strong>cuinam</strong></span> <span class='ocrx_word' id='word_1_321' title='bbox 816 4122 918 4198; x_wconf 86' lang='lat' dir='ltr'><strong>generi</strong></span> <span class='ocrx_word' id='word_1_322' title='bbox 932 4121 1120 4181; x_wconf 91' lang='lat' dir='ltr'><strong>adscriberet.</strong></span> <span class='ocrx_word' id='word_1_323' title='bbox 1165 4116 1243 4177; x_wconf 86' lang='lat' dir='ltr'><strong>Mihi</strong></span> <span class='ocrx_word' id='word_1_324' title='bbox 1258 4125 1356 4175; x_wconf 90' lang='lat' dir='ltr'><strong>autem</strong></span> 
     </span>
     <span class='ocr_line' id='line_1_37' title="bbox 289 4219 1355 4314; baseline -0.015 -21"><span class='ocrx_word' id='word_1_325' title='bbox 289 4227 396 4314; x_wconf 81' lang='grc' dir='ltr'><em>ἤχθειο</em></span> <span class='ocrx_word' id='word_1_326' title='bbox 420 4232 574 4293; x_wconf 88' lang='lat' dir='ltr'><strong>transitive</strong></span> <span class='ocrx_word' id='word_1_327' title='bbox 605 4228 807 4307; x_wconf 89' lang='lat' dir='ltr'><strong>accipiendum</strong></span> <span class='ocrx_word' id='word_1_328' title='bbox 830 4243 894 4285; x_wconf 91' lang='lat' dir='ltr'><strong>esse</strong></span> <span class='ocrx_word' id='word_1_329' title='bbox 916 4242 1088 4301; x_wconf 88' lang='lat' dir='ltr'><strong>persuasum</strong></span> <span class='ocrx_word' id='word_1_330' title='bbox 1119 4225 1219 4281; x_wconf 90' lang='lat' dir='ltr'><strong>estut</strong></span> <span class='ocrx_word' id='word_1_331' title='bbox 1242 4219 1278 4278; x_wconf 91' lang='lat' dir='ltr'><strong><em>N</em></strong></span> <span class='ocrx_word' id='word_1_332' title='bbox 1295 4224 1355 4278; x_wconf 88' lang='grc'><strong>858</strong></span> 
     </span>
    </p>
   </div>
   <div class='ocr_carea' id='block_1_5' title="bbox 0 0 1637 4936">
    <p class='ocr_par' dir='ltr' id='par_1_8' title="bbox 0 0 1637 4936">
     <span class='ocr_line' id='line_1_38' title="bbox 0 0 1637 4936; baseline 0 0"><span class='ocrx_word' id='word_1_333' title='bbox 0 0 1637 4936; x_wconf 95' lang='lat' dir='ltr'><strong> </strong></span> 
     </span>
    </p>
   </div>
  </div>
 </body>
</html>
