3222 4936
314 1453 382 1557 De
419 1496 587 1558 accusativo
620 1516 725 1571 grceoo
757 1515 844 1573 saepe
878 1495 959 1554 viros
989 1496 1090 1554 doctos
1127 1496 1300 1556 disseruisse

232 1612 356 1689 eiusque
379 1629 471 1682 usum,
495 1626 561 1667 cum
585 1608 753 1683 generalem
770 1612 832 1665 tum
854 1606 1014 1680 asingulis
1033 1606 1227 1683 scriptoribus
1249 1610 1299 1666 ad-

229 1714 358 1772 hibitum
378 1717 408 1770 et
430 1711 589 1786 excultum,
610 1711 642 1768 in
658 1730 759 1768 omnes
779 1712 879 1785 partes
899 1714 1057 1767 tractatum
1075 1727 1138 1766 esse
1160 1729 1216 1767 nec
1238 1731 1298 1768 non

229 1814 403 1892 Euripidem
430 1818 549 1890 poetam
572 1813 778 1892 quaestionum
802 1813 838 1870 de
867 1811 919 1870 illa
947 1832 979 1870 ro
1002 1810 1186 1870 occasionem
1215 1813 1300 1869 obtu-

230 1917 302 1976 lisse
317 1926 419 1975 notum
443 1920 495 1974 ast.
529 1915 640 1980 Quodsi
663 1917 741 1973 hanc
760 1914 922 1986 materiam,
947 1932 1035 1993 quam
1057 1913 1189 1972 laborem
1211 1913 1243 1971 in
1265 1933 1299 1972 oa

229 2020 289 2078 iam
313 2022 518 2096 consumptum
541 2019 704 2094 respiciens
727 2037 841 2090 vereor,
864 2037 902 2074 nc
924 2015 1014 2074 nimis
1036 2019 1248 2092 pertractatam
1271 2022 1301 2075 et

232 2140 353 2196 prorsus
377 2123 551 2177 exhaustam
569 2140 633 2179 esse
651 2120 766 2197 opinari
783 2121 887 2196 possis,
912 2121 1008 2178 denuo
1026 2118 1108 2176 adire
1124 2139 1211 2177 ausus
1228 2139 1300 2192 sum,

230 2221 358 2298 primum
382 2240 416 2279 eo
440 2219 578 2289 crimine,
608 2222 687 2298 qnod
709 2222 787 2279 haud
819 2221 880 2280 scio
902 2241 940 2279 an
963 2222 1038 2279 mihi
1061 2220 1222 2294 obiciatur,
1253 2242 1299 2280 me

233 2323 389 2401 expediam
411 2342 532 2381 necesse
555 2327 608 2394 est,
631 2343 678 2380 me
701 2325 815 2380 fructus
836 2324 979 2392 laborum,
1002 2343 1020 2381 a
1041 2330 1087 2381 tot
1110 2324 1301 2383 doctissimis-

231 2445 288 2504 que
311 2425 388 2484 viris'
407 2424 537 2484 maximo
553 2424 710 2498 diligentia
727 2430 855 2499 paratos,
879 2425 1079 2499 negligentem
1103 2431 1154 2484 aut
1175 2427 1299 2486 multum

229 2527 299 2587 novi
323 2527 355 2585 in
378 2527 507 2585 medium
530 2527 656 2603 proferri
680 2547 766 2604 posse
796 2527 947 2603 putavisse
970 2532 1021 2586 aut
1051 2547 1152 2586 eorum
1182 2534 1300 2588 senten-

228 2629 286 2688 tias
315 2634 346 2687 et
374 2630 467 2689 libros
489 2648 543 2704 pro
567 2628 661 2685 nihilo
684 2629 812 2690 duxisse.
853 2630 909 2689 Sed
932 2629 1002 2708 quie
1025 2630 1060 2687 de
1083 2630 1223 2690 universo
1246 2652 1301 2691 usu

229 2732 392 2793 accusativi
417 2730 579 2807 Euripideo
602 2731 733 2789 nondum
763 2737 861 2789 ectum
892 2737 937 2790 est
959 2732 1041 2790 etin
1065 2732 1190 2806 singulis
1211 2735 1300 2793 huius

229 2835 347 2908 generis
370 2833 592 2914 quaestionibus
623 2833 809 2912 inquirendis
838 2833 895 2892 viri
919 2835 996 2893 docti
1021 2834 1093 2892 satis
1123 2836 1299 2908 habuerunt,

230 2956 337 3013 operae
360 2936 489 3013 pretium
511 2937 643 2994 futurum
667 2956 730 2995 esse
754 2936 882 2995 confisus
905 2957 977 3009 sum,
1002 2937 1026 2994 si
1050 2937 1155 2994 studiis
1173 2939 1232 2997 illis
1254 2941 1300 2997 ni·

229 3059 278 3097 sus
302 3057 395 3117 eaque
419 3042 536 3096 secutus
559 3037 710 3113 Euripidis
740 3058 825 3097 usum
848 3040 954 3097 iterum
979 3043 1181 3116 perscrutarer
1204 3051 1234 3100 et
1256 3061 1298 3116 ea,

229 3159 305 3217 qnae
327 3141 385 3198 iam
406 3140 531 3201 invente
554 3145 668 3211 essent,
695 3141 720 3198 si
742 3141 807 3199 fieri
830 3145 938 3217 posset,
962 3141 1140 3218 complerem
1164 3148 1193 3202 et
1215 3143 1299 3203 locu·

228 3243 382 3318 pletarem.

315 3345 412 3404 Movit
441 3365 488 3403 me
517 3346 553 3404 ad
592 3345 802 3403 conficiendam
833 3319 910 3403 hand
942 3345 1180 3406 dissertationem
1210 3347 1295 3422 liber,

231 3465 316 3524 quem
338 3468 434 3524 nuper
455 3447 575 3525 scripsit
595 3448 629 3504 E.
645 3449 767 3506 Escher.
798 3449 872 3526 (Der
895 3449 1044 3508 accusatio
1066 3449 1112 3508 bei
1136 3449 1296 3527 Sophocles

229 3553 318 3606 unter
339 3549 506 3624 zuziehung
528 3549 697 3625 desjenigen
721 3549 770 3607 bei
787 3550 909 3623 Homer,
931 3549 1106 3629 Aeschylus,
1130 3553 1295 3629 Euripides,

228 3648 459 3725 Aristophanes,
488 3650 676 3730 Thucydides
698 3652 758 3708 und
782 3651 962 3729 Xenophon.
1014 3653 1146 3730 Leipzig.
1192 3655 1296 3714 Hirzel

233 3751 335 3829 1876.)
369 3750 427 3814 Qui
450 3753 485 3812 de
501 3754 655 3831 Sophoclis
671 3753 839 3814 accusativo
859 3755 1008 3814 subtiliter
1031 3775 1129 3829 agens,
1155 3775 1212 3834 qno
1235 3778 1295 3816 me·

227 3853 285 3912 lius
307 3860 413 3930 poetae
435 3855 594 3914 dictionem
616 3855 788 3925 illustraret,
812 3875 877 3914 oum
899 3857 1019 3918 illorum
1041 3858 1218 3934 scriptorum
1239 3879 1295 3918 usu

227 3956 384 4033 Sophoclis
422 3977 507 4016 usum
543 3959 676 4018 contulit.
731 3958 862 4022 (luorum
894 3957 925 4016 in
956 3978 1078 4018 numero
1117 3978 1295 4037 quamquem

227 4059 400 4136 Euripidem
431 4081 491 4119 non
522 4061 669 4135 neglexit,
700 4064 799 4118 tamon
828 4079 933 4137 parum
964 4061 1105 4120 momenti
1129 4062 1156 4120 ei
1179 4063 1293 4123 tribuit.

227 4162 303 4220 Nam
335 4183 393 4220 non
427 4163 521 4222 solum
544 4167 604 4222 tres
628 4164 774 4221 duntaxat
795 4162 911 4221 fabulas
941 4162 1089 4239 respexit,
1122 4165 1172 4222 sed
1196 4164 1293 4224 exiis

226 4281 390 4341 perpaucos
416 4267 502 4324 modo
533 4265 647 4338 locos,'
663 4264 713 4344 qui
745 4265 956 4344 quaesitiorem
986 4285 1072 4324 usum
1095 4266 1292 4344 continerent,
