3222 4936
677 467 889 532 ..57..

248 664 296 702 νιν
318 635 428 703 κελεύει
449 634 644 721 τροχηλάτης·
670 630 693 700 ci
723 639 786 712 ξένε
807 661 851 722 sq.
895 643 983 718 Apud
1006 641 1177 719 Euripidem
1200 641 1319 720 quidem

247 748 373 807 alterum
403 744 547 805 eiusmodi
576 745 672 805 locum
702 764 763 804 non
792 744 867 820 legi,
898 765 964 804 cum
993 765 1031 804 ex
1054 744 1185 804 Homero
1216 743 1317 803 afferri

248 850 344 926 possit
373 848 427 907 Od.
456 846 482 906 d.
513 849 573 906 274
605 842 806 924 κελευσέμεναι
839 841 872 904 δέ
902 840 932 906 σ’
958 843 1072 922 ἔμελλεν
1094 844 1217 924 δαίμων.
1262 849 1320 906 Ρο-

248 953 308 1012 tius
330 951 507 1010 exhortandi
529 969 617 1030 quam
639 949 762 1009 iubendi
783 949 830 1010 ris
858 950 956 1009 inesse
977 950 1104 1011 videtur.
1149 950 1226 1010 Aliis
1247 950 1321 1009 locis

250 1073 309 1113 acc.
334 1073 358 1113 c.
380 1053 436 1112 inf.
468 1054 593 1114 verbum
623 1053 764 1132 sequitur,
796 1058 827 1112 et
848 1053 916 1130 ch.
941 1057 977 1110 81
1003 1052 1130 1111 Aldinae
1163 1053 1320 1114 lectionem

251 1155 380 1231 ποίμνας
412 1149 555 1233 ἀθροῖσαι
586 1147 767 1233 προσπόλοις
797 1147 948 1213 κελεύσατε
980 1175 1031 1215 cur
1053 1155 1243 1215 Hermannus
1274 1174 1321 1215 re·

250 1260 369 1336 ceperit,
392 1259 507 1331 nescio,
532 1278 596 1318 cum
620 1257 756 1317 meliores
779 1259 860 1317 codd.
884 1249 1077 1336 προσπόλους
1098 1259 1243 1331 habeant,
1267 1257 1319 1338 qui

249 1380 308 1422 ace.
331 1382 396 1422 cum
418 1361 491 1422 trita
511 1361 595 1422 verbi
619 1365 767 1420 structura
786 1361 869 1421 facit.

337 1457 463 1543 γράφειν
478 1464 634 1524 transitive
649 1467 762 1522 exstat:
785 1463 852 1523 Tro.
870 1462 950 1522 1178
974 1462 1000 1521 τλ
1022 1461 1073 1521 καί
1094 1483 1165 1522 ποτε
1180 1456 1323 1542 γράψειεν

253 1559 290 1624 όν
321 1582 352 1625 σε
375 1559 558 1643 μουσοποιός
590 1562 621 1625 ἐν
643 1559 739 1647 τόφιμ.
783 1567 808 1624 I.
831 1569 867 1624 A.
892 1570 930 1624 85
955 1562 1054 1625 δέλτον
1075 1560 1200 1645 γράφεις
1222 1559 1319 1643 τήνδε.

337 1669 464 1728 Verba
495 1668 684 1729 cantandi
716 1668 780 1728 Alc.
810 1673 871 1727 459
903 1663 934 1727 σὲ
964 1664 1138 1744 μόλψουσιν.
1183 1671 1234 1729 Ba.
1262 1674 1319 1728 153

253 1765 411 1831 Διόνυσον.
455 1772 481 1831 I.
497 1772 528 1830 Τ.
554 1776 614 1830 218
628 1764 735 1849 Ἥραν.
758 1804 799 1814 -
822 1772 873 1831 Ba.
898 1771 934 1831 71
962 1763 1112 1830 Διόνυσον
1133 1763 1264 1848 όμνήσο).
1281 1806 1323 1816 -

253 1877 278 1935 Ι.
304 1874 334 1933 Τ.
364 1880 444 1933 1068
468 1867 556 1932 πόσιν
577 1871 717 1942 κελαδεῖς.
760 1875 826 1933 Tro.
853 1879 911 1933 121
937 1866 1016 1944 ότας.
1040 1873 1079 1933 Η.
1102 1875 1123 1935 f.
1146 1877 1207 1934 678
1232 1877 1323 1933 Μνα-

253 1971 392 2051 μοσύναν.
416 1978 459 2036 cf.
482 1978 568 2036 Pind.
591 1977 637 2036 Ol.
662 1982 688 2035 6.
714 1981 752 2035 88
773 1970 870 2057 Ἥραν
896 1975 1070 2057 Παρθενίαν
1093 1977 1260 2054 κελαδῆσαι.

339 2080 466 2139 Verba
497 2080 680 2139 manendi
712 2085 749 2140 et
778 2081 1010 2141 sustinendi
1038 2086 1076 2141 et
1103 2083 1323 2142 contraria.

254 2181 303 2258 (K.
328 2188 398 2242 268.
429 2183 470 2262 3.)
513 2183 666 2258 Perpauca
697 2183 729 2240 in
760 2183 888 2242 medium
918 2185 1096 2260 proferenda
1124 2190 1202 2245 sunt.
1246 2185 1323 2244 And.

256 2289 315 2344 973
340 2279 446 2363 θάρσει
476 2280 614 2364 γέροντος
636 2287 726 2363 χεῖρα.
749 2318 791 2329 -·
814 2290 875 2343 262
900 2282 1081 2365 ἕγκαρτερεῖς
1107 2279 1149 2363 ’δὴ
1180 2281 1323 2345 θάνατον.

254 2390 293 2448 11.
307 2389 328 2448 f.
355 2394 444 2450 raas.
467 2423 509 2434 -
531 2378 725 2461 ὑφίστασθαι.
769 2387 839 2464 sap.
867 2393 924 2446 191
949 2380 1055 2447 πόνον.
1100 2390 1168 2468 eye.
1187 2394 1246 2449 198
1270 2410 1324 2466 μυ-

254 2491 318 2572 ρίον
348 2484 441 2569 όγλον.
494 2491 560 2550 Tro.
593 2495 654 2550 416
686 2481 767 2566 τῆσδ’
798 2488 901 2568 ἔρωτα.
924 2526 965 2536 -
988 2484 1231 2570 οἶποστρέφεσθαί
1258 2512 1324 2550 τινα

253 2596 283 2654 h.
307 2615 331 2654 e.
355 2614 386 2654 se
408 2600 550 2667 avertere,
572 2594 728 2670 repudiare
749 2595 775 2653 I.
798 2593 828 2651 Τ.
854 2595 913 2652 789
937 2589 980 2670 μέ,
1003 2594 1072 2656 Hel.
1097 2595 1145 2667 78,
1178 2595 1227 2654 Or.
1252 2594 1323 2654 712.

254 2697 345 2774 Supp.
371 2703 429 2757 161
461 2689 494 2754 rc*
524 2698 620 2755 θεῖον.
664 2697 732 2772 (lys.
757 2696 816 2756 297
848 2696 990 2756 librorum
1024 2696 1187 2773 scripturae
1209 2698 1323 2758 difficili

256 2793 360 2874 νόμοις
383 2795 414 2857 δὲ
435 2802 559 2876 θνητοῖς
581 2795 622 2868 εἰς
643 2791 750 2877 λόγους
773 2791 957 2882 ἀποστρέφῃ,
987 2794 1084 2869 ἱκέτας
1107 2795 1254 2876 δέχεσθαι,
1277 2801 1325 2860 cui

256 2906 334 2974 sunt,
357 2903 409 2981 qui
432 2922 548 2961 sensum
570 2903 703 2978 ineptum
718 2902 816 2962 inesse
838 2902 948 2963 velint:
971 2902 1108 2962 humanis
1122 2903 1238 2979 legibus
1261 2905 1325 2962 ani-

256 3027 337 3064 mum
372 3007 408 3064 ad
439 3024 603 3065 sermonem
641 3023 739 3063 meum
768 3006 903 3078 adverte,
940 3024 1006 3064 cum
1044 3005 1223 3065 contrarium
1258 3027 1326 3067 ver-

256 3110 326 3167 bnm
357 3107 520 3184 significet,
550 3108 701 3168 lenissima
731 3107 896 3166 Hermanni
933 3108 1102 3168 coniectura
1132 3109 1326 3185 praeferenda

257 3230 321 3271 esse
343 3211 414 3270 mihi
438 3211 572 3284 videtur,
608 3211 674 3289 qui,
705 3200 869 3286 Musgrarii
897 3211 1060 3271 mutatione
1083 3204 1175 3287 νόμος
1197 3218 1324 3290 recepta,

257 3314 375 3390 scripsit
397 3311 423 3372 εἰ
443 3307 549 3392 λόγους
571 3333 615 3393 sq.
645 3314 673 3373 h.
697 3333 722 3372 e.
753 3315 778 3372 si
800 3313 877 3372 nihil
898 3315 977 3390 apud
999 3321 1030 3374 tc
1051 3314 1166 3388 valant,
1190 3335 1266 3395 quae
1290 3318 1325 3376 de

256 3417 366 3476 nostris
396 3416 509 3477 meritis
546 3417 589 3494 (in
623 3417 730 3496 quibus
762 3416 866 3476 Ulixes
903 3417 1046 3492 gloriatus
1073 3415 1151 3498 erat)
1181 3419 1253 3478 dixi.
1284 3451 1327 3462 -

258 3513 459 3595 μυσάττεσθαι
480 3519 629 3592 fastidire,
659 3520 768 3595 legitur
790 3520 869 3578 Mad.
896 3523 975 3578 1138
999 3518 1116 3581 παίδων
1138 3513 1282 3590 εἰσόδους.

342 3623 471 3683 Verba
498 3622 662 3682 iurandi
695 3621 744 3699 (K.
774 3626 844 3694 264,
874 3620 916 3700 4.)
946 3627 977 3682 et
1010 3642 1165 3699 personam
1196 3631 1226 3685 ct
1254 3645 1326 3698 rem,

258 3745 311 3802 per
333 3746 420 3807 quam
442 3725 509 3806 quis
538 3727 616 3784 iurat
638 3724 805 3785 accusativo
827 3724 987 3801 accipiunt.
1012 3726 1062 3785 Or.
1088 3730 1169 3785 1626
1192 3719 1246 3802 τὴν
1268 3739 1328 3801 ψυ-

258 3821 313 3905 χὴν
334 3821 483 3904 κατόμοσ’
518 3821 554 3905 ἣν
583 3821 618 3886 ἄν
642 3821 790 3905 εὐορκοῖμ’
823 3819 891 3906 ἒγοό.
934 3828 1006 3906 Hip.
1030 3827 1090 3887 709
1120 3819 1229 3906 όμνυμι
1261 3846 1328 3905 σεμ-

257 3926 314 4008 νὴν
334 3924 484 4008 Ἄρτεμιν.
538 3936 619 3991 1022
652 3931 737 4008 Diva
768 3925 819 3989 καὶ
851 3925 944 3990 πέδον
973 3923 1094 4006 χθονός.
1146 3932 1225 3990 Μοδ.
1257 3932 1327 4005 741,

260 4035 320 4095 747
344 4055 388 4115 sq.

344 4138 501 4199 Perticalis
532 4138 648 4198 iurandi
677 4135 785 4198 utitur:
822 4137 901 4197 And.
933 4141 995 4195 914
1031 4126 1072 4211 μδ
1099 4127 1153 4212 τήν
1188 4127 1326 4197 §vacrin
