3222 4936
726 476 940 541 „50-

292 640 374 708 θεόν.
421 648 514 708 (lausa
530 647 623 725 igitur
645 669 705 709 non
727 658 781 724 est,
803 669 854 709 cur
870 650 1021 711 Nauekius
1036 647 1190 726 scripserit
1203 638 1365 707 κάπεκλαο-

292 743 399 827 σάμην.

378 854 445 913 Alia
468 875 560 931 pauca
582 857 681 929 verba,
705 875 780 935 qnae
802 876 863 916 non
885 855 1043 929 omiserim,
1065 859 1136 916 sunt
1155 851 1366 934 έκπαχλεῖσθαι

291 955 379 1015 valde
401 957 519 1031 mirari,
551 963 681 1034 stupere.
711 959 784 1018 Hac.
813 964 891 1018 1135
923 954 1018 1018 τέκνα.
1069 959 1135 1018 Tro.
1161 963 1222 1017 922
1254 948 1367 1031 τούμόν

293 1049 380 1128 εἶδος.
427 1060 477 1120 Or.
495 1067 555 1120 882
578 1056 700 1140 πατέρα.
724 1095 765 1106 --
788 1065 923 1138 κομπεῖν.
946 1063 1021 1122 Rhe.
1038 1061 1098 1121 427
1123 1053 1175 1131 τάς
1198 1054 1270 1137 έμάς
1291 1052 1367 1135 άμυ-

292 1160 402 1232 σιλδας.
417 1197 460 1208 —-
476 1157 653 1241 ἐπεύχεσθαι
668 1163 688 1223 i.
705 1184 730 1223 e.
741 1163 846 1224 iactari
860 1165 893 1223 iu
907 1184 948 1226 re.
969 1165 1045 1223 Rhe.
1063 1169 1123 1223 683
1147 1160 1222 1243 μέγα
1237 1155 1363 1241 θράσος.

292 1267 317 1323 Ι.
340 1265 373 1326 Τ.
398 1271 458 1326 496
488 1259 520 1325 τό
552 1259 667 1325 κλεινόν
689 1258 799 1346 ’Ἀρχος
829 1261 947 1345 πατρίδ’
980 1261 1061 1344 ἐμήν.
1086 1301 1127 1311 -
1149 1264 1280 1343 θαμβεῖν
1310 1268 1365 1325 Ion

295 1371 375 1427 1208
399 1361 524 1447 ὄρνιθος
546 1364 666 1438 πόνους.
710 1371 735 1428 1.
760 1373 795 1429 A.
821 1374 901 1429 1558
926 1362 1080 1447 εὐψυχίαν.

378 1471 519 1544 Verba,
543 1491 635 1551 quae
657 1477 796 1533 motum
820 1474 1037 1533 continent.
1075 1473 1124 1551 (K.
1148 1472 1219 1533 257.
1244 1472 1285 1551 6.)
1328 1473 1365 1531 In

293 1573 400 1652 quibus
414 1574 573 1650 praecipue
588 1573 774 1650 respicienda
796 1579 866 1635 sunt
887 1577 1005 1636 verba
1026 1576 1221 1651 saltandi,
1245 1575 1366 1654 quibus·

293 1698 358 1737 eum
381 1698 439 1738 aco.
459 1677 568 1737 obiecti
590 1677 632 1736 ita
652 1678 827 1737 coniunctus
850 1683 903 1751 est,
925 1683 960 1738 ut
981 1679 1017 1736 ad
1040 1680 1127 1738 deum
1149 1679 1199 1740 vel
1217 1678 1366 1738 hominem

291 1780 448 1858 pertineat,
470 1781 522 1859 qui
544 1780 701 1841 saltatione
722 1781 776 1840 illa
795 1781 968 1841 celebretur.
1014 1781 1052 1840 Η.
1069 1781 1090 1840 f.
1109 1786 1169 1840 684
1193 1777 1228 1840 αλ
1247 1774 1277 1856 μ’
1304 1775 1366 1858 έχό-

294 1901 413 1961 ρευσαν,
437 1883 552 1944 choreis
574 1904 621 1942 me
650 1885 848 1943 celebrabant.
896 1886 955 1943 870
979 1876 1056 1953 ὀλεῖς
1083 1877 1221 1960 μανιάσιν
1243 1877 1366 1953 Λύσσας

292 1977 466 2063 χορευθέντ’
490 1983 521 2045 έν
552 1979 663 2055 αύλοῖς.
707 1987 763 2045 Ιοιι
788 1990 868 2044 1082
891 1977 1081 2065 ἀνεχόρευσεν
1112 1980 1223 2064 αἰθήρ,
1252 1979 1367 2065 χορεύει

293 2083 325 2147 δὲ
356 2083 459 2146 σελάνα
480 2123 523 2134 -
544 2083 598 2148 τάν
629 2084 867 2167 χρυσοστέφανον
897 2082 991 2166 κόραν
1020 2085 1071 2149 καλ
1102 2086 1214 2168 ματέρα
1245 2083 1364 2166 σεμνάν.

292 2192 340 2249 Ex
361 2198 486 2272 utroque
508 2195 599 2253 verbo
622 2212 681 2253 ace.
700 2194 829 2269 pendere
844 2197 958 2269 potest;
981 2194 1026 2254 ad.
1050 2184 1132 2270 άναχ.
1159 2194 1197 2254 ef.
1212 2194 1262 2252 Ba.
1285 2197 1363 2252 1142

294 2285 537 2372 ἀναχορεύσωμεν
560 2288 700 2372 Βάκχιον.
745 2295 795 2356 Or.
817 2295 875 2355 575
901 2288 958 2355 οόκ
980 2289 1017 2354 όν
1038 2315 1074 2372 με
1096 2296 1191 2372 μισῶν
1213 2288 1363 2374 ἀνεχόρευ’

294 2389 443 2475 Ἐρινύσιν
465 2400 494 2458 h.
518 2419 544 2458 e.
567 2399 707 2460 excitare.
729 2433 771 2444 -
793 2400 833 2460 H.
857 2400 877 2460 f.
902 2405 962 2458 688
993 2391 1043 2458 τόν
1066 2397 1187 2470 Λατοῦς
1215 2393 1305 2479 μόνον
1328 2395 1366 2457 ελ-

291 2499 432 2560 λλσσουσα
454 2500 632 2581 καλλίχορον.
676 2504 702 2562 Ι.
718 2507 754 2563 Α.
775 2503 853 2563 1479
868 2496 1007 2562 ἐἱλίσσετ’
1033 2494 1110 2579 άμφλ
1133 2496 1207 2563 ναόν
1229 2496 1282 2578 τὴν
1295 2493 1366 2580 ’Ἀρ-

292 2623 381 2681 τεμιν.
416 2638 458 2648 -
485 2605 534 2664 Ita
567 2625 685 2685 quoquc
717 2606 898 2666 construitur
928 2598 1082 2683 βακχεύειν
1111 2607 1140 2665 h.
1164 2625 1190 2665 e.
1220 2605 1365 2678 bacchari,

292 2709 481 2784 significans:
507 2708 540 2769 in
562 2710 691 2768 furorem
713 2709 884 2769 bacchicum
905 2708 1058 2785 impellere
1081 2710 1119 2772 H.
1141 2709 1163 2768 f.
1187 2714 1247 2768 956
1271 2702 1367 2783 φόνος

294 2803 322 2867 σ’
348 2807 532 2888 ἐβάκχευσεν.
578 2811 627 2871 Or.
651 2817 712 2871 403
736 2798 824 2871 αύταλ
853 2827 884 2870 σε
906 2804 1083 2889 βακχεύουσι
1115 2815 1249 2891 συμμενεῖ
1268 2803 1364 2896 φόνῳ.

294 2914 353 2974 827
377 2909 570 2993 βεβάκχευται
592 2915 718 2992 μανίαις.
741 2950 784 2960 -

377 3018 610 3094 Dignissimum,
644 3022 722 3100 quod
752 3040 812 3079 non
836 3018 1023 3094 negligatur,
1056 3024 1101 3079 est
1124 3010 1248 3093 άλσσειν,
1281 3019 1365 3079 cuins

293 3121 378 3182 verbi
401 3122 559 3184 transitive
591 3143 657 3183 cum
686 3115 765 3182 πόδα
797 3122 962 3196 coniuncti,
993 3123 1053 3181 iam
1075 3144 1104 3202 p.
1121 3128 1161 3181 32
1183 3121 1365 3182 mentionem

293 3226 459 3286 habuimus.
504 3227 555 3287 Or.
582 3231 661 3286 1423
693 3218 788 3304 αὔραν
819 3218 927 3304 εόπᾶγι
957 3219 1057 3308 κύκλῳ
1088 3217 1188 3311 ᾇσσοιν
1219 3227 1365 3288 movendo

295 3329 438 3391 excitans.
483 3331 534 3390 Ea.
555 3335 612 3389 148
636 3320 801 3405 όΒακχεύς
824 3320 855 3386 δ’
878 3325 949 3406 έχων
973 3320 1116 3408 πυρσοόόη
1138 3321 1234 3407 φλόγα
1254 3321 1366 3398 πεύκας

294 3429 327 3492 έκ
359 3427 514 3511 νάρθηκος
545 3425 648 3503 άίσσει,
681 3434 782 3506 ignem
814 3431 989 3493 euanthiee
1019 3433 1111 3494 elidit.
1134 3467 1177 3478 -
1198 3434 1224 3493 Ι.
1246 3434 1280 3492 Τ.
1306 3439 1364 3492 184

294 3538 485 3612 Musgravius
507 3541 541 3596 ut
562 3538 660 3597 locum
679 3536 888 3596 difficillimum
904 3537 1066 3615 expediret,
1089 3536 1210 3616 scripsit
1231 3529 1366 3614 μόχθους

295 3642 393 3716 (codd.
417 3634 542 3718 μόχθος)
566 3631 596 3697 θ’
612 3636 644 3697 έκ
662 3632 787 3714 μόχθων
809 3631 902 3722 ᾄσσει,
924 3641 1057 3700 referens
1072 3641 1164 3702 verba
1185 3640 1365 3720 adsequens

284 3737 397 3812 ’Ἅλιος
442 3745 539 3804 Locus
562 3748 660 3802 autem
682 3743 922 3821 corruptissimus
945 3749 998 3818 est,
1022 3763 1109 3823 quem
1130 3743 1263 3803 nondum
1285 3743 1364 3823 qnis-

295 3866 384 3927 quam
406 3848 486 3906 omni
509 3867 547 3906 ex
570 3851 655 3925 parte
677 3865 782 3906 sanare
804 3848 911 3926 potuit

384 3951 595 4009 Verborum
617 3949 985 4028 intransitivorum‚
1017 3969 1111 4030 quae
1134 3969 1216 4009 oum
1238 3966 1364 4028 praep.

294 4053 518 4130 composita
539 4052 698 4114 transitiva
712 4053 792 4112 faeta
813 4056 891 4126 sunt,
915 4072 981 4112 cum
999 4056 1083 4112 tanta
1099 4052 1184 4130 copia
1206 4052 1252 4126 sit,
1276 4071 1365 4132 quam

294 4178 384 4232 aegre
407 4175 581 4216 enumerare
603 4156 706 4234 possis,
738 4155 841 4235 paucis
863 4176 910 4215 me
932 4156 1091 4216 continebo
1118 4161 1148 4216 et
1170 4154 1364 4235 quaesitiores

294 4260 435 4341 quasdam
459 4259 710 4333 constructiones,
743 4259 890 4337 imprimis
912 4261 1071 4321 verborum
1093 4259 1183 4320 eundi
1205 4259 1364 4337 proferam.
