3222 4936
637 445 849 518 -33-

211 652 285 714 quse
316 630 409 692 vertit
429 630 557 690 Escher:
587 627 651 688 sich
681 627 747 687 cine
775 626 1047 704 Sprungerhebung
1076 625 1129 705 (im
1151 626 1280 707 Sprung)

210 736 349 794 erheben.

295 840 320 897 Ι.
339 836 372 896 Τ.
391 835 450 894 390
475 832 619 894 ἔπλευσαν
641 826 728 894 νότον
750 825 853 910 όχημα.
894 833 1081 916 Hermenuus
1103 825 1199 909 όχημα
1221 853 1281 893 non

211 939 382 1001 vehiculum
420 940 471 998 sed
507 939 674 998 vectionem
705 956 769 996 esse
802 935 970 1009 contendit,
1006 935 1116 995 iniuria
1148 942 1182 996 ut
1209 937 1284 996 mihi

208 1043 344 1116 videtur3
366 1062 433 1102 uum
456 1033 552 1118 ὄχημα
575 1060 690 1117 semper
711 1059 800 1099 sensu
823 1044 960 1099 concreto
982 1039 1093 1114 legitur
1115 1045 1146 1100 et
1166 1059 1283 1100 accusa·

209 1147 290 1207 tivus
320 1146 420 1205 eedem
443 1144 557 1204 ratione
580 1143 783 1220 expediendus
814 1147 875 1216 est,
909 1161 967 1221 que
988 1141 1021 1200 in
1049 1135 1129 1202 πόδα
1159 1140 1282 1220 βαίνειν,

208 1250 258 1309 ich
287 1250 371 1309 fchre
400 1247 466 1307 eine
489 1246 684 1306 Schiff-fahrt.

295 1352 425 1412 Verbum
458 1345 567 1428 τρέχειν
602 1348 719 1425 saepius
752 1367 817 1406 curn
847 1367 906 1407 ecc.
946 1340 1048 1426 o'tyoivc
1085 1348 1283 1425 coniungitur.

210 1455 254 1514 El.
279 1458 337 1512 881
371 1444 487 1532 ύχρεῖον
517 1447 681 1527 ἔκπλεθρον
709 1442 811 1530 ύγοῑνα
840 1442 968 1528 δρυμόν.
1015 1451 1063 1510 Οε.
1091 1452 1151 1511 870
1183 1443 1284 1529 α’μοῖνα

211 1549 381 1633 θανάσιμον
403 1548 615 1634 δραμούμενος.
660 1554 684 1612 Ι.
706 1556 743 1613 Α.
765 1557 841 1611 1455
873 1546 989 1622 δεινούς
1011 1545 1129 1633 α’γοῖνας
1151 1553 1282 1632 δραμεῖν.

211 1661 275 1720 Alo.
294 1664 354 1719 505
379 1649 416 1717 ού
437 1649 520 1718 τόνδ’
544 1651 645 1736 ύγοῖνα
665 1657 783 1735 πρῶτον
806 1649 843 1713 δν
859 1648 998 1734 δρύμοεμ’
1020 1650 1091 1736 tyoi-
1118 1662 1178 1717 519
1202 1650 1284 1717 τόνδ’

212 1759 330 1842 ἔρχομαι
353 1760 451 1840 τρίτον
473 1752 580 1840 (tycius.
625 1759 714 1819 Notio
729 1759 881 1818 luculente
903 1764 957 1832 est,
980 1761 1134 1837 desumpto
1150 1763 1187 1819 de
1206 1761 1284 1820 ludis

212 1864 418 1945 gymnasticis,
452 1863 539 1922 einen
561 1862 811 1939 Kampfwettlauf
836 1861 952 1935 lsufen,
985 1864 1062 1942 quod
1085 1864 1285 1941 metaphorice

213 1970 248 2026 de
270 1967 410 2045 periculis
432 1971 462 2025 et
483 1970 577 2024 morte
600 1965 741 2024 variatur.

298 2070 368 2129 Hel.
384 2074 422 2128 21
448 2059 503 2125 δυ’
527 2065 627 2126 αἰετοῦ
649 2066 763 2147 δίωγμα
779 2061 906 2146 φεύγων,
929 2067 996 2129 eine
1016 2069 1162 2144 verfolgte
1178 2069 1287 2130 Flucht

215 2172 356 2234 fliehend.
400 2172 510 2230 Phoeu.
530 2175 589 2229 218
615 2163 756 2247 Ζεφύρου
777 2173 884 2239 πνοαῖς
903 2165 1098 2242 ἱππεύσαντος
1117 2168 1148 2230 ἒν
1166 2163 1284 2252 ούραυρῖ

215 2268 367 2336 κάλλιστον
397 2268 554 2350 κελάδημα.
598 2274 690 2332 Recte
712 2273 904 2333 Hermsunus
925 2276 1126 2335 accusativum
1157 2295 1195 2334 ex
1218 2272 1283 2332 ἱππ.

216 2380 342 2455 pendere
364 2377 462 2437 voluit
484 2382 585 2437 contra
608 2375 696 2448 elios,
728 2376 781 2456 qui
803 2378 894 2435 verbs
921 2376 1210 2454 ἱ11αορροεὶίεὶοοειυ
1232 2379 1285 2436 hc-

216 2482 348 2541 buerunt
392 2481 545 2558 Zephyrus
575 2479 667 2555 igitur
699 2479 836 2558 equitans
867 2480 1098 2557 pulcherrimum
1128 2483 1285 2560 strepitum

215 2584 332 2644 efficere
354 2583 471 2646 dicitur.

300 2686 355 2747 Ion
381 2691 461 2747 1240
485 2684 550 2744 τίνα
573 2678 673 2764 (poyeio
696 2679 875 2764 πτερόεσσαν
898 2687 1041 2764 πορευθῶ
1048 2709 1058 2759 3

300 2790 377 2849 And.
402 2794 461 2849 303
492 2785 637 2868 παρέλυσε
667 2782 695 2846 δ’
722 2781 759 2846 δν
787 2780 926 2857 Ἑλλάδος
955 2780 1108 2868 ύλγεινούς
1140 2783 1285 2868 μόχθους,

216 2885 278 2961 οδς
299 2883 378 2968 ύμφλ
405 2891 512 2971 Τροίαν
543 2887 669 2961 δεκέτεις
700 2884 853 2968 ολλόληντο.
898 2886 1050 2969 Μόχθους
1071 2885 1202 2953 erucem
1232 2895 1289 2954 mit

217 2995 335 3055 Miihsul
363 2995 488 3054 beladen
517 2995 776 3070 umhergetrieben
805 2997 934 3056 werden.
979 2996 1157 3077 Ceteroquin
1187 3003 1286 3057 utrum
1403 3038 1406 3042 J

215 3098 248 3157 in
270 3100 327 3157 hoo
349 3117 386 3156 sn
407 3097 440 3156 in
463 3098 601 3174 strophae
624 3116 712 3156 versu
734 3097 842 3160 vitium
864 3097 938 3157 insit
959 3097 1088 3159 editores
1111 3101 1257 3161 dubitant.¹

301 3201 397 3260 Locus
420 3200 613 3260 difficillimus
639 3208 684 3260 est
705 3202 761 3260 Ion
784 3206 823 3260 52
847 3202 913 3270 νέος
935 3195 988 3277 μὲν
1011 3187 1066 3260 οὖν
1088 3193 1130 3261 oio
1152 3195 1286 3281 ύμφιβω·

217 3302 303 3381 μλους
320 3296 435 3382 τροφός
450 3295 536 3380 ἠλᾶτ’
554 3296 688 3379 ἀθύρων.
734 3303 901 3363 Hermcnui
916 3304 1162 3382 explicationem:
1184 3308 1289 3387 „queri

218 3407 297 3467 dices
327 3398 416 3482 ἠλᾶτο
440 3401 512 3482 ἔχων
544 3405 593 3465 vel
616 3395 689 3480 εἶχεν
719 3397 887 3482 ύλοόμενος“
915 3408 1040 3483 probare
1070 3427 1132 3467 non
1162 3429 1289 3487 possum,

218 3510 289 3588 quis
310 3508 471 3586 explicatio
493 3528 554 3568 nou
577 3514 635 3582 est;
666 3508 776 3568 tulibus
799 3509 877 3568 enim
900 3509 1067 3587 participiis
1089 3511 1216 3592 aliisque
1238 3534 1290 3574 vo-

217 3613 301 3672 cibus
330 3611 446 3672 omissis
474 3611 543 3672 vide
573 3631 610 3670 ue
640 3631 741 3670 omnes
771 3611 962 3672 difficultates
991 3614 1137 3674 removeri
1165 3615 1290 3693 possint,

219 3715 328 3795 quibus
350 3715 487 3774 subtilior
516 3715 659 3794 quaedam
680 3715 756 3773 ratio
788 3714 869 3774 insit.
914 3713 1088 3778 Quomodo
1117 3716 1198 3777 locus
1221 3739 1289 3780 oon-

218 3820 376 3879 strueudus
390 3817 438 3890 sit,
461 3816 599 3896 equidem
621 3836 681 3876 non
696 3817 859 3896 perspicio;
882 3838 993 3891 seusus,
1016 3819 1042 3878 si
1065 3819 1184 3898 quidem
1200 3823 1291 3880 verbs

217 3921 334 3996 integre
356 3925 433 3993 sunt,
456 3939 519 3979 esse
535 3920 666 3979 videtur:
689 3939 721 3978 er
742 3920 822 3979 lebte
844 3920 876 3979 in
899 3922 951 3980 der
965 3921 1092 3980 Fremde
1111 3922 1161 4001 (cf.
1177 3924 1291 3984 Phoen.

223 4026 315 4103 1707)
338 4045 397 4086 von
420 4026 472 4084 der
499 4043 567 4083 vom
590 4024 692 4083 Altare
721 4024 931 4099 suegehendcn
951 4023 1063 4100 Pflege.
1108 4024 1162 4084 Vir
1184 4025 1292 4086 doctis·

221 4129 312 4187 simus
333 4129 465 4188 Badhem
495 4126 600 4186 scribit
630 4119 707 4201 ἀμφὶ
731 4124 759 4203 β.
783 4127 942 4187 adnotans:
973 4118 1051 4204 ύμφλ
1079 4128 1211 4205 dependo
1240 4133 1293 4189 not

220 4251 300 4314 upon
317 4223 442 4313 ύθύρονν
463 4230 518 4290 but
539 4249 618 4307 upon
634 4221 734 4306 ἠλᾶτο,
757 4229 857 4289 which
872 4229 1005 4289 includes
1027 4232 1079 4290 the
1101 4236 1160 4293 two
1174 4231 1292 4292 notione

1069 4340 1086 4396 3
