3222 4936
666 445 876 510 -cs-

237 618 308 698 βᾶτε
338 617 478 676 λιποῦσαι
511 616 666 677 συναοιδοί
703 611 819 694 νύμφαι
850 611 903 678 τόν
934 609 1111 696 Ἡρακλέους
1143 617 1309 678 καλλίνικον

237 715 348 796 ἀγῶνα.
380 724 472 782 Recte
483 721 529 781 illi
543 721 722 798 interpretes
740 724 884 795 fecerunt,
909 722 960 802 qui
975 719 1129 780 συναοιδοί
1142 723 1162 780 i.
1177 743 1200 781 e.
1221 740 1306 780 cova-

239 823 327 881 εἰδετε
350 815 451 901 alydon
469 824 677 898 coniungenda
699 845 763 883 esse
785 825 946 885 voluerunt
969 830 1073 884 contra
1094 825 1177 898 alios,
1203 827 1311 904 quibus

241 917 341 1001 άγῶνα
370 927 407 984 ad
430 925 501 1002 βᾶτε
522 928 710 986 referendum
740 949 803 987 esse
832 928 952 1004 placuit.
976 962 1018 971 -
1039 930 1066 986 I.
1087 932 1123 988 Δ.
1151 930 1229 987 1257
1254 923 1309 1008 eye*

239 1018 275 1085 τά
298 1022 323 1084 τ’
350 1022 454 1107 οἰκτρά
483 1024 603 1100 συνετός
630 1028 689 1107 είμι
709 1031 729 1090 i.
753 1051 777 1090 e.
802 1031 930 1106 συνίημι.
954 1066 997 1074 -
1019 1032 1094 1091 Rhe.
1119 1036 1179 1090 625
1203 1031 1312 1108 τρίβων

240 1120 322 1187 εἶτά
345 1127 458 1206 κομψά.
504 1134 581 1194 Med.
605 1140 663 1194 681
687 1154 730 1213 τρ.
753 1128 789 1191 τά
812 1126 912 1192 τοιάδε
933 1135 963 1194 h.
980 1155 1005 1193 e.
1028 1141 1173 1208 versatus,
1196 1141 1312 1194 astutus

241 1232 272 1292 in
295 1253 336 1292 re.
359 1267 400 1277 -
422 1235 515 1296 Phoe.
538 1242 598 1296 351
623 1229 737 1310 ὄλοιτο,
769 1229 836 1294 τάδ’
860 1234 916 1294 είτε
946 1235 1067 1313 σίδαρος
1096 1233 1150 1294 ιίτ’
1173 1233 1235 1315 ἔρις
1257 1235 1313 1296 είτε

242 1329 338 1412 πατήρ
362 1329 379 1395 ό
402 1331 454 1407 σός
476 1336 571 1409 αίτιος
593 1340 644 1399 scl.
675 1337 751 1398 ἐστίν
773 1340 793 1399 i.
817 1361 841 1398 e.
867 1333 1030 1418 εἰργάσατο.
1077 1340 1212 1405 Quocum
1243 1360 1313 1400 con·

241 1440 320 1499 ferre
343 1460 404 1499 non
435 1441 506 1501 licet
527 1442 594 1502 Hel.
619 1448 679 1501 260
707 1438 793 1521 τέρας
816 1434 870 1521 γάρ
896 1435 914 1500 ό
935 1439 1000 1518 βίος
1025 1440 1074 1500 καί
1104 1436 1139 1500 τά
1163 1437 1311 1521 πράγματ’

243 1537 302 1599 ἔστί
325 1564 390 1618 μοι,
423 1537 458 1602 τά
488 1539 541 1620 μὲν
562 1539 599 1603 δι’
617 1539 714 1623 Ἥραν
736 1539 771 1604 τά
802 1541 834 1604 δὲ
855 1539 888 1604 τό
912 1540 1017 1614 κάλλος
1041 1542 1143 1604 αίτιον.
1190 1548 1265 1606 Nam
1289 1547 1313 1607 ei
1401 1529 1404 1534 .

241 1647 334 1704 verba
355 1646 398 1705 ita
411 1647 654 1723 intelligeremus,
678 1655 712 1709 ut
733 1644 803 1707 τάδε
827 1648 977 1709 obiective
992 1650 1136 1725 penderet
1157 1670 1195 1710 ex
1211 1649 1316 1723 αίιιου,

243 1749 317 1807 duae
353 1770 401 1809 res
432 1748 509 1828 (βίος
541 1759 571 1813 et
607 1747 642 1810 τά
673 1744 847 1831 πράγματα)
886 1752 1155 1826 distinguerentur,
1192 1772 1316 1833 quarum

242 1850 337 1910 altera
358 1873 412 1928 per
432 1854 558 1928 Herem,
587 1856 680 1916 altera
708 1856 802 1934 ipsius
831 1855 966 1914 Helenae
989 1854 1211 1931 pulchritudine
1232 1853 1318 1937 τίρας

243 1954 323 2011 lacta
344 1963 431 2014 esset.
476 1958 561 2022 Quod
578 1959 743 2018 sententiae
765 1980 826 2018 non
846 1957 1001 2030 convenit3
1030 1957 1128 2017 dicere
1151 1959 1234 2036 enim,
1252 1960 1318 2019 vult

245 2054 378 2130 Helena,
412 2077 478 2116 cum
499 2060 610 2119 Horam
632 2069 696 2121 tum
719 2055 750 2119 τό
775 2057 879 2130 κάλλος
904 2080 1022 2120 causam
1044 2061 1149 2133 fuisse,
1182 2081 1235 2121 cur
1255 2062 1318 2123 vita

247 2162 279 2216 et
300 2179 348 2217 res
371 2179 442 2219 suae
462 2167 633 2240 portentum
660 2165 740 2222 facta
763 2171 869 2221 essent.
914 2163 1021 2242 Itaque
1043 2156 1079 2220 τά
1101 2162 1154 2238 μέν
1169 2196 1211 2207 -
1226 2158 1262 2224 τά
1284 2161 1319 2226 δέ

246 2261 302 2320 hoc
323 2262 389 2322 loco
412 2264 623 2325 adverbialiter
644 2265 754 2343 partim
768 2265 938 2341 —partim
959 2264 1154 2339 intelligenda
1176 2271 1253 2327 sunt.

332 2367 356 2424 E
392 2368 653 2430 substantivis
686 2367 818 2448 quoque
840 2368 943 2427 eodem
975 2368 1061 2427 modo
1095 2387 1155 2429 acc.
1188 2371 1317 2449 pendere

202 2465 204 2472 ⁴
244 2480 352 2552 potest.
394 2471 467 2530 Har.
491 2470 551 2530 788
575 2473 664 2531 τοῦτο
686 2465 743 2551 γάρ
766 2465 872 2546 φόβος.
911 2471 978 2531 Tro.
998 2476 1056 2530 241
1081 2465 1157 2548 τάδε,
1180 2465 1197 2530 d
1219 2467 1317 2550 φόβος
1386 2535 1387 2540 ,

243 2558 281 2647 ἦν
311 2564 408 2632 πάλαι.
457 2574 551 2633 Τοῦτο
585 2582 615 2634 et
647 2569 664 2634 d
694 2576 826 2654 pendent
847 2595 863 2635 a
885 2574 985 2634 verbis
1017 2567 1115 2651 φόβος
1142 2562 1196 2652 ἦν,
1229 2577 1316 2636 dictis

243 2694 297 2754 pro
320 2672 493 2750 φοβεῖσθαι.
539 2678 638 2737 Etiam
667 2679 885 2738 substantivum
908 2678 1066 2755 personale
1093 2678 1137 2737 ita
1166 2688 1232 2738 cu'm
1255 2699 1314 2740 aec.

246 2779 437 2854 construitur,
461 2800 549 2861 quam
570 2781 723 2841 licentiam
743 2800 851 2843 vereor
872 2788 905 2840 ut
927 2781 1003 2860 apud
1026 2781 1116 2839 alium
1139 2783 1315 2859 scriptorem

249 2883 395 2943 invenias.
438 2885 511 2945 Her.
530 2890 569 2944 65
593 2880 696 2962 μάντις
711 2879 737 2942 δ’
762 2873 833 2960 ἦσθ’
850 2870 896 2962 ἆρ’
912 2879 949 2942 οὗ
965 2877 1054 2953 καλός
1071 2878 1139 2943 τάδε
1160 2885 1190 2943 h.
1204 2904 1229 2944 e.
1249 2879 1317 2943 τάδε

247 2978 283 3044 οό
306 2987 403 3056 καλῶς
424 2980 602 3062 ἐμαντεόσοι.
624 3021 667 3032 -
688 2987 848 3047 Nonnullis
868 2987 943 3047 locis
965 2988 1001 3047 de
1023 2992 1130 3046 natura
1153 2988 1316 3048 accusativi

247 3090 384 3150 dubitare
400 3090 480 3150 licet.
515 3091 674 3154 I.A.149
697 3083 734 3166 ἦν
756 3085 811 3170 γάρ
833 3112 880 3148 νιν
902 3093 1036 3165 πομπαῖς
1057 3081 1194 3172 doario-pc.
1240 3091 1316 3151 Her·

247 3213 373 3253 mannus
396 3194 535 3254 adnotat:
558 3195 680 3254 dubium
703 3214 766 3254 esse
788 3213 827 3252 an
850 3215 895 3252 νιν
917 3213 935 3252 a
956 3195 1079 3253 metrico
1095 3193 1239 3253 insertum
1262 3195 1316 3271 sit;

249 3297 295 3354 sin
318 3300 355 3356 ab
377 3298 520 3376 Euripide
543 3299 686 3376 scriptum
708 3298 761 3372 sit,
794 3319 842 3355 νιν
865 3317 881 3356 ο
903 3301 1038 3372 πομπαῖς
1059 3298 1189 3373 pendere
1210 3276 1316 3375 putan-

249 3399 321 3457 dum
342 3418 421 3459 esse:
444 3405 504 3470 τοῖς
526 3397 676 3477 πέμπουσί
697 3421 751 3459 νιν.
797 3399 953 3460 Metricum
969 3406 1067 3459 autem
1089 3408 1151 3461 tam
1166 3401 1317 3481 quaesitae

251 3504 482 3563 constructionis
505 3511 654 3566 auctorem
677 3525 742 3565 esse
764 3525 825 3564 non
847 3505 943 3577 credo,
974 3523 1070 3584 neque
1093 3504 1229 3581 Euripidi
1252 3522 1317 3562 eam

250 3606 404 3665 vindicare
419 3615 559 3682 gravatus
582 3609 646 3682 sim,
670 3608 695 3667 si
719 3609 836 3688 quidem
855 3609 948 3668 verba
961 3608 1080 3681 integra
1102 3614 1179 3667 sunt.
1223 3607 1317 3669 Valde

250 3709 329 3768 enim
349 3709 491 3784 languere
505 3711 577 3772 illud
600 3704 638 3786 ἢν
659 3703 727 3790 γάρ,
749 3713 801 3771 ubi
824 3704 862 3788 ἢν
885 3709 917 3769 δέ
939 3710 1131 3783 desideratur,
1155 3730 1241 3769 nemo
1257 3729 1318 3769 nou
1438 3701 1440 3705 ¹

250 3811 401 3887 intelligit.

336 3917 388 3975 Ba.
414 3917 474 3975 574
507 3911 599 3976 πέδου
631 3909 741 3992 χθονός
773 3913 853 3976 ίνοσι
885 3910 1000 3977 πότνια.
1035 3899 1162 3977 ¹Matth.
1196 3917 1318 3975 chorum

252 4020 336 4094 gravi
358 4019 450 4078 animi
479 4025 562 4079 motu
584 4026 751 4098 correptum
782 4026 811 4079 et
832 4023 1035 4098 perturbatum
1067 4021 1124 4080 duo
1154 4021 1209 4078 hos
1231 4039 1318 4081 voca-

252 4125 330 4185 tivos
353 4124 479 4183 edidisse
493 4128 579 4202 putat
589 4143 643 4200 pro
666 4119 760 4182 πέδου
777 4142 829 4203 sq,
851 4144 939 4204 quem
962 4124 1127 4198 genitivum
1149 4122 1316 4199 Elmsleyns

253 4229 376 4306 recepit.
427 4228 617 4287 Hermannus
648 4227 737 4286 hodie
766 4227 809 4286 ita
841 4228 899 4286 dici
929 4228 1060 4320 potuisse
1092 4231 1207 4299 monet3
1240 4225 1319 4304 apud
