3222 4936
652 499 863 567 ,53-

229 677 313 755 gerit.
336 710 378 720 -
402 676 452 735 Or.
471 679 531 734 423
556 665 619 735 odo'
640 668 757 754 ἥγνισαι
780 668 833 735 σάν
856 666 929 754 αἷμα
950 678 1047 755 χεροῖν
1068 677 1087 736 i.
1104 696 1129 736 e.
1153 697 1214 738 non
1228 698 1298 756 pur-

228 786 313 857 gatus
342 799 373 839 es
404 777 562 852 sauguine,
593 779 644 859 qui
675 798 780 838 manus
809 783 875 840 tuas
904 779 1041 840 maculat.
1065 815 1106 823 -
1129 780 1169 840 H.
1192 781 1212 840 f.
1238 785 1295 840 361

227 873 365 959 άμπνοάς
380 875 416 940 οὐ
436 880 609 959 σωφρονίζει
632 882 823 942 immoderate
838 883 966 943 anhelat.
979 916 1021 927 -
1032 883 1083 943 Ba.
1101 883 1161 942 736
1184 885 1302 942 θᾶσσον

227 979 259 1044 δὲ
280 983 477 1063 διεφοροῦντο
500 977 611 1061 σαρκός
633 976 747 1042 ένάατά.
785 986 889 1044 Monet
917 985 1099 1064 Elmsleyus,
1132 1005 1170 1045 no
1194 978 1301 1044 ένδντά

226 1081 442 1150 nominativum
472 1105 536 1147 esse
565 1087 735 1164 opinemur,
767 1107 831 1146 esse
862 1088 1079 1164 accusativum,
1116 1095 1151 1149 ut
1184 1091 1298 1150 duobus

226 1190 363 1251 versibus
384 1194 471 1250 antea
501 1182 679 1263 ἐσφάλλοντο
702 1184 801 1266 δέμας.
841 1181 966 1248 Ἐνᾶντά
988 1184 1100 1269 σαρκός
1120 1192 1203 1268 ipsae
1230 1183 1299 1270 σάρ-

226 1312 276 1363 κες
297 1293 432 1352 habenda
454 1298 531 1366 sunt,
560 1297 594 1351 ut
615 1292 686 1369 Sap.
710 1293 770 1352 717
795 1285 924 1369 ὅπλισμα
947 1290 1045 1369 δεινῆς
1066 1286 1198 1373 κορύνης
1228 1293 1248 1353 i.
1273 1314 1298 1354 e.

225 1398 291 1473 ipsa
309 1388 432 1475 κοράνη.
455 1429 497 1439 ·-
520 1397 543 1455 Ι.
560 1394 591 1454 Τ.
613 1399 692 1454 1314
716 1388 789 1464 νεάς
811 1389 927 1471 σκάφος
949 1397 1046 1478 ταρσῷ
1068 1387 1189 1474 κατήρει
1212 1396 1295 1454 πέτο-

224 1493 590 1576 inclarescente.
614 1498 707 1572 navis,
731 1500 810 1578 quod
833 1500 870 1557 ad
891 1499 1048 1574 remigium
1071 1499 1179 1558 attinet
1202 1498 1297 1570 (πάτα-

223 1602 297 1681 λον),
326 1602 415 1663 remis
446 1603 522 1661 bone
554 1601 699 1662 instruatu
728 1607 758 1660 et
788 1601 874 1661 alata.
924 1603 1087 1663 Caveamus
1115 1607 1229 1675 autem,
1260 1620 1299 1660 ne

224 1707 316 1767 verba
337 1704 546 1780 intelligamus,
571 1704 655 1786 quasi
677 1705 762 1765 navis
783 1705 842 1764 iam
865 1709 983 1766 eterra
1004 1705 1036 1764 in
1052 1705 1144 1764 altum
1165 1705 1300 1781 profecta

225 1809 264 1869 sit
286 1814 316 1868 et
336 1807 460 1883 remigio
483 1807 687 1884 propulsetur;
717 1809 809 1868 verba
831 1807 911 1867 enim
933 1808 1088 1887 sequentia
1111 1808 1245 1867 Orestem
1269 1811 1300 1867 et

224 1910 364 1988 Pyladem
393 1910 562 1969 etiamnunc
588 1908 621 1967 in
654 1915 732 1970 terra
765 1929 829 1970 osse
851 1929 1017 1990 navemque
1047 1910 1176 1969 retinere
1198 1916 1297 1970 osten-

230 2014 310 2072 dunt.
342 2011 436 2077 Quam
453 2014 490 2071 ad
503 2011 768 2074 inconcinnitatem
782 2015 942 2074 tollendam
959 2014 1149 2073 Hermannus
1171 2033 1198 2073 v.
1218 2016 1298 2072 1314

228 2120 295 2191 post
315 2135 343 2175 v.
370 2120 449 2175 1344
472 2116 662 2192 transposuit,
697 2119 776 2196 quod
798 2123 844 2177 tot
864 2117 1000 2179 versibus
1021 2114 1186 2176 interiectis
1208 2117 1297 2175 auda-

225 2218 288 2278 cius
309 2237 372 2278 esse
403 2219 477 2277 mihi
498 2219 624 2281 videtur.
669 2220 750 2278 Bene
773 2219 978 2280 Weckleiuius
1001 2220 1137 2291 adnotat,
1161 2219 1193 2276 iu
1217 2214 1297 2277 ἐπτε-

225 2341 298 2398 ρομ.
321 2341 382 2381 nou
403 2327 516 2382 motum
538 2323 635 2381 inesse
658 2323 708 2382 sed
731 2323 904 2398 imaginem,
929 2341 988 2402 qua
1009 2341 1106 2381 remos
1129 2340 1196 2380 cum
1216 2322 1297 2382 veris

225 2424 279 2484 alis
302 2425 519 2501 comparaverit
540 2430 643 2501 poeta,
666 2429 700 2484 ut
723 2426 777 2485 Od.
800 2426 824 2485 1.
851 2429 908 2485 126
933 2414 1027 2502 εὐήρε’
1050 2417 1171 2502 ἐρετμά,
1200 2415 1236 2481 τά
1267 2443 1297 2482 τε

225 2519 318 2607 πτερά
341 2523 428 2603 νηυσὶ
451 2522 597 2587 πέλονται.

310 2631 517 2691 Adverbia.
550 2665 589 2675 -
619 2633 742 2692 Praeter
777 2631 953 2709 pronomina
992 2636 1022 2690 et
1056 2628 1202 2690 adiectiva
1235 2628 1296 2703 illa,

226 2737 313 2792 antea
335 2733 435 2807 allata,
469 2753 544 2814 quae
573 2734 782 2796 adverbialiter
804 2738 938 2808 exstant,
969 2752 1008 2792 ex
1036 2734 1094 2792 boc
1123 2752 1182 2793 acc.
1203 2732 1298 2793 multa

224 2835 282 2894 alia
297 2837 436 2897 adverbia
457 2838 590 2914 profecta
611 2844 689 2898 sunt.
724 2837 857 2903 Quorum
878 2856 896 2895 a
917 2837 1075 2913 generibus
1091 2835 1297 2895 enumerandis

226 2940 373 2999 abstinere
400 2959 487 3015 posse
516 2941 589 2999 mihi
617 2941 729 3003 videor.
774 2939 952 3012 Kuehnerus
986 2937 1002 3017 5
1027 2942 1087 2997 410
1119 2939 1147 3011 7,
1173 2941 1221 3010 11,
1249 2941 1294 3011 16,

230 3048 266 3101 16
296 3042 431 3120 plurimis
460 3044 605 3120 exemplis
633 3063 668 3102 ea
695 3043 864 3103 illustravit.
908 3043 1076 3119 Perpaucos
1105 3042 1192 3099 modo
1215 3041 1295 3101 locos

226 3165 371 3222 emagna
391 3146 484 3223 copia,
508 3165 584 3227 quae
607 3151 724 3224 praesto
747 3152 800 3221 est,
823 3146 971 3222 elegerim.

312 3246 410 3329 Χάριν
437 3250 607 3327 significans
628 3249 701 3324 „alc
730 3250 775 3309 rei
805 3251 911 3309 causa“
943 3246 1114 3324 saepissime
1138 3266 1204 3306 cum
1226 3266 1295 3323 pro-

225 3353 394 3412 nominibus
423 3354 508 3414 velut
529 3345 600 3429 σην,
631 3345 705 3428 έμήν
734 3360 787 3412 aut
815 3372 881 3412 oum
904 3371 970 3428 gen.
993 3369 1070 3427 pers.
1094 3350 1292 3427 coniungitur.

223 3457 249 3516 I.
274 3457 307 3518 T.
331 3461 391 3516 566
415 3460 514 3516 autem
544 3455 721 3518 adiectivum
744 3455 910 3516 accusativo
933 3453 978 3513 illi
1000 3454 1115 3514 adicere
1138 3473 1226 3514 ausus
1249 3457 1294 3512 est

224 3563 328 3636 poeta:
364 3560 459 3636 κακῆς
486 3551 627 3638 γυναικὸς
655 3551 739 3638 χάριν
767 3552 870 3636 άχαριν
909 3548 1040 3617 άπάλετο
1079 3558 1137 3630 „ob
1168 3574 1296 3632 causam,

224 3682 299 3743 quae
322 3681 409 3722 causa
430 3681 494 3723 esse
517 3682 577 3720 non
600 3663 742 3735 debebat,
766 3681 841 3741 quae
863 3680 955 3738 prava
977 3664 1040 3721 erat
1061 3661 1176 3720 causa“.
1206 3656 1294 3717 Seidl.

223 3764 355 3824 Similem
378 3767 626 3824 constructionem
649 3764 772 3824 exhibet
793 3764 884 3840 Soph.
914 3764 962 3824 ni.
989 3764 1047 3823 176
1081 3754 1100 3837 ἤ
1125 3752 1186 3820 ποά
1215 3780 1295 3830 τινος

224 3860 404 3945 άκάρποιτον
434 3859 519 3944 χάριν
549 3872 579 3926 et
601 3867 704 3927 Trach.
729 3871 788 3924 436
821 3864 921 3924 κείνου
952 3884 982 3923 τε
1013 3861 1063 3924 καὶ
1086 3856 1142 3940 σην
1165 3859 1194 3934 έξ
1226 3859 1292 3921 ἴσον

223 3962 329 4046 κοινὴν
347 3961 440 4047 χάριν.

308 4074 493 4153 Frequenter
529 4073 673 4133 formulae
709 4079 867 4133 occurrunt
902 4071 986 4132 velut
1017 4070 1089 4130 Her.
1128 4069 1189 4129 676
1226 4059 1294 4126 zod—
1361 4097 1363 4104 >

223 4169 280 4253 μάν
309 4172 407 4256 μέρος.
430 4207 472 4219 -
494 4175 569 4235 Hec.
600 4175 660 4234 376
699 4169 752 4234 σάν
783 4169 840 4234 οὐκ
870 4171 994 4234 ἔλασσον
1025 4166 1047 4248 ἢ
1075 4171 1173 4248 κείνης
1199 4165 1292 4249 χρέος.

226 4285 286 4340 958
309 4278 337 4340 τί
357 4270 442 4361 χρῆμ’
473 4274 600 4355 έπέμψον
623 4271 675 4338 τάν
705 4272 776 4355 έμάν
807 4276 839 4339 έκ
869 4271 969 4356 δόμων
997 4269 1094 4350 πόδας
1125 4276 1199 4336 Her.
1223 4280 1292 4348 633,
