3222 4936
741 497 953 564 *80-

400 672 610 732 Verborum
634 673 800 733 docendi
823 695 914 734 unum
937 694 995 734 non
1018 671 1208 749 neglexerim.
1252 673 1303 732 Ba.
1324 677 1383 732 825

313 769 464 844 Διόνυσος
486 767 565 852 ήμοῖς
582 769 779 851 ἐξεμούσωσεν
801 768 879 834 τάδε.
916 777 954 837 fr.
972 776 1031 836 487
1054 769 1162 855 λόγους
1184 767 1386 852 μεμούσωμαι.

402 878 529 937 Verba
551 878 837 938 nomina‘ndi'et
858 879 1099 956 appellandi,
1130 899 1291 958 quaecum
1315 879 1387 938 duo-

312 984 367 1041 bus
394 1002 454 1041 ace.
477 985 566 1041 trans.
591 981 721 1042 construi
744 985 872 1055 constat,
895 981 1091 1041 immerenter
1112 1002 1178 1041 cum
1199 1001 1272 1041 voce
1294 973 1388 1057 ὄνομα

313 1088 535 1145 construuntur.
582 1086 657 1144 And.
684 1089 722 1143 56
746 1076 890 1154 δέσποιν’,
924 1079 981 1163 έγοί
1003 1105 1047 1143 τοι
1076 1071 1197 1160 τοῦνομ’
1226 1075 1262 1142 ού
1284 1076 1386 1162 φεύγω

313 1181 381 1247 τόδε
403 1187 501 1245 καλεῖν
523 1203 564 1246 σε.
608 1186 677 1248 Hel.
697 1190 777 1245 1193
800 1172 828 1244 'ai
849 1179 986 1245 δέσποτ’·
1010 1178 1067 1262 ήδη
1089 1181 1146 1266 γιίρ
1162 1179 1226 1244 τόδ’
1251 1178 1386 1262 ὀνομάζω

314 1281 339 1348 σ’
361 1285 441 1358 ἔπος.
484 1289 541 1349 Ion
567 1295 602 1348 81
637 1280 731 1363 ὄνομα
749 1281 885 1347 -Ἴων’
920 1282 977 1368 έγοί
1007 1306 1063 1363 σφε
1093 1291 1210 1368 πρῶτος
1239 1283 1352 1365 δυομύζ
1378 1333 1384 1348 .

319 1396 376 1451 138
400 1385 451 1450 adv
474 1385 503 1448 δ’
532 1384 681 1468 ω’φέλιμου
705 1388 770 1466 ἐμοὶ
792 1386 918 1470 πατέρος
941 1383 1036 1468 ὄνομα
1058 1387 1132 1470 λέγω
1156 1391 1279 1468 Φοῖβον.
1325 1398 1385 1451 808

315 1487 412 1572 δυομα
436 1488 468 1552 δέ
490 1497 578 1554 ποῖον
602 1485 694 1552 αύτδν
716 1486 852 1571 ὀνομάζει
875 1486 991 1573 πατήρς
1014 1494 1081 1571 Gya.
1100 1498 1159 1554 543
1184 1490 1246 1553 εἰπέ
1268 1486 1386 1570 τοῦνομ’

314 1590 376 1657 ὅτι
397 1613 429 1655 σε
443 1587 499 1675 χρή
521 1598 636 1668 καλεῐνς
659 1597 730 1656 Her.
753 1602 792 1655 86
816 1587 910 1673 ὄνομα
932 1595 959 1654 τί
982 1589 1007 1654 τ’
1023 1589 1174 1673 ὠνόμαζεν
1188 1589 1275 1669 λεοίςς
1297 1598 1384 1656 Pas·

314 1701 453 1761 sivum:
492 1700 548 1758 Ion
572 1699 611 1759 75
635 1691 724 1760 ”Iaca
753 1690 779 1757 δ’
809 1692 902 1758 αύτδν
934 1691 1028 1775 ὄνομα
1058 1703 1221 1776 κεκλῆσθαι
1252 1693 1384 1776 θήσεται.

316 1807 407 1863 1601.
451 1803 490 1862 Η.
515 1804 535 1862 ί.
562 1808 598 1860 31
625 1795 735 1861 ταύτδν
757 1794 852 1879 ὄνομα
874 1805 945 1871 παῖς
967 1794 1079 1881 πατρδς
1100 1799 1284 1878 κεκλημένος.

398 1908 439 1966 Ut
461 1905 608 1984 duplicem
632 1925 691 1966 acc.
715 1905 795 1965 omni
817 1925 855 1964 ex
877 1910 960 1983 parte
983 1905 1184 1980 absolvamus,
1214 1910 1320 1978 restat,
1353 1909 1387 1966 ut

314 2009 497 2070 accusativos
519 2009 586 2068 viae
609 2013 639 2068 et
663 2008 720 2068 loci
743 2008 951 2086 respiciamus,
985 2009 1036 2088 qui
1059 2029 1117 2068 una
1140 2029 1205 2069 cum
1226 2029 1286 2070 acc.
1308 2029 1386 2086 pers.

316 2114 409 2173 verbo
432 2111 565 2171 adiuncti
587 2116 665 2171 sunt.
1003 2185 1004 2188 Ἴ

399 2215 456 2274 Ad
485 2234 558 2274 acu.
591 2214 682 2275 viae
719 2216 755 2274 uf.
779 2215 844 2274 Alc.
870 2215 932 2275 457.
954 2209 1071 2295 γυναῖκ’
1098 2206 1217 2294 οίρίσταν
1239 2207 1387 2294 πορεύσας

313 2317 417 2394 λίμναν
434 2312 628 2397 Ἀχεροντίαν.
673 2319 752 2377 Med.
780 2324 859 2378 1056
883 2311 989 2378 τούσδε
1018 2314 1129 2395 πέμψω
1158 2315 1387 2397 τλημονεστέραν

315 2413 378 2498 (sc'l.
402 2411 494 2500 δδόν).
542 2419 624 2483 Quae
647 2422 827 2486 constructio
857 2420 1028 2501 saepissime
1060 2421 1193 2482 adhibita
1216 2421 1304 2497 digna
1326 2441 1386 2480 non

316 2531 376 2598 ast,
408 2525 440 2583 in
473 2545 531 2604 qua
555 2523 667 2584 diutius
693 2544 853 2600 moremur3
884 2545 944 2585 non
974 2530 1071 2584 autem
1102 2524 1314 2600 negligendum
1342 2530 1388 2584 est

317 2626 455 2687 1011507
485 2624 535 2689 ἵνα
567 2621 677 2704 χορούς
706 2626 853 2704 στείβουσι
883 2623 972 2708 κόραι
1004 2626 1110 2687 ποδοῖν
1141 2621 1246 2686 στοίδιοι
1274 2619 1384 2706 χλοερά.

317 2731 384 2792 Hic.
407 2752 466 2791 acc.
489 2731 653 2790 immanens
675 2725 785 2810 χορούς
806 2739 836 2792 et
858 2752 917 2791 aec.
940 2731 1008 2793 viae
1030 2736 1157 2791 exstant.

402 2837 486 2893 Ace.
509 2833 589 2892 loci
610 2839 727 2910 praeter
749 2855 807 2894 acc.
831 2834 938 2894 obiecti
960 2834 1119 2911 praecipue
1133 2833 1299 2907 adhibetur,
1322 2852 1387 2893 cum

317 2940 441 3000 verbum
472 2957 537 2996 cum
560 2956 661 3013 praep.
685 2937 877 3014 compositum
907 2943 973 3013 est,'
998 2956 1074 3017 quae
1101 2937 1167 3014 ipsa
1188 2936 1387 2996 accusativum

319 3041 473 3100 desiderat.
507 3039 575 3099 Hel.
596 3040 674 3100 1567
692 3041 801 3119 ταῦρον
818 3037 963 3108 εἰσέθεντο
980 3035 1113 3117 σέλματα.
1146 3039 1216 3116 Sap.
1235 3039 1295 3099 878
1319 3059 1387 3117 χρυ-

318 3137 372 3204 σδν
403 3134 458 3202 ούκ
491 3134 642 3214 εἰσεδέξατ’
672 3134 765 3203 οἰκον.
809 3143 832 3204 1.
856 3143 889 3203 Τ.
913 3149 973 3203 253
1007 3140 1083 3219 βοῦς
1116 3137 1227 3200 πόντον
1257 3138 1386 3218 εἰσεβοίλ-

317 3249 412 3323 λομεν.
463 3249 541 3305 1408
572 3238 704 3323 ιἰδελφής
731 3237 842 3324 ’Ἄργος
872 3240 1046 3323 εἰσπέμψων
1075 3240 1174 3322 δέμας.
1223 3245 1283 3303 730
1311 3235 1386 3322 αύτή
1431 3247 1436 3258 ’

319 3342 390 3420 ναδς
420 3342 546 3425 εἰσβήσω
576 3342 693 3425 σκύφος
721 3348 770 3408 scl.
802 3340 924 3408 adata.
948 3349 1014 3426 Cyc.
1038 3353 1099 3408 464
1130 3345 1236 3422 φίλους
1265 3339 1387 3426 γέροντά

259 3523 261 3527 Ι
320 3473 350 3512 τε
372 3444 445 3521 νεοδς
467 3449 605 3527 μελαίνης
626 3454 726 3510 κοῖλον
749 3441 879 3527 έμβήσας
901 3443 1026 3525 σκύφος.
1071 3451 1143 3510 Her.
1168 3454 1227 3510 845
1251 3447 1317 3528 έμβ.
1340 3447 1387 3509 νίν

319 3554 439 3616 ’ίππειον
468 3552 586 3631 δίφρον.
628 3555 684 3614 Ion
707 3559 767 3613 849
797 3546 926 3635 cleptum
953 3552 1055 3624 οἰκους
1083 3554 1132 3613 sel.
1157 3545 1259 3631 αύτήν.
1308 3554 1386 3614 1487

323 3656 437 3731 ἐλαίας,
471 3649 507 3734 ἣν
525 3647 646 3714 Ἀθήνα
668 3649 812 3715 σκόπελον
835 3652 1028 3737 εἰσηνέγκατο.
1072 3658 1120 3716 Ad
1141 3649 1226 3716 σκύπ.
1248 3676 1302 3734 pro
1323 3656 1389 3735 ipsa

321 3762 422 3824 Attica
444 3759 554 3820 dictum
577 3760 614 3818 cf.
636 3779 666 3822 v.
688 3763 778 3819 1585.
826 3764 905 3818 1590
930 3751 1091 3830 Κυκλάδας
1121 3752 1317 3836 ἐποικήσουσι
1337 3779 1388 3836 νη-

321 3865 406 3936 σαίας
428 3857 536 3932 πόλεις.
581 3864 672 3922 Phoe.
688 3868 748 3922 366
772 3860 900 3922 σπουδαί
922 3882 951 3922 τε
972 3859 1023 3922 καί
1043 3861 1138 3932 πίστις
1162 3855 1180 3940 ii
1202 3856 1233 3940 μ’
1255 3854 1389 3943 εἰσήγαγε

321 3968 397 4048 τείχη
421 3967 552 4047 πατρῷα.
595 3967 620 4024 Ι.
645 3969 680 4024 A.
705 3971 764 4025 935
797 3957 834 4025 ού
855 3958 911 4046 γύρ
935 3960 1087 4042 ίμπλέκειν
1115 3958 1228 4036 πλοκδς
1255 3958 1311 4045 έγοί
1333 3986 1388 4024 πα·

321 4069 394 4154 ρέξω
424 4070 468 4153 σῷ
495 4061 581 4127 πόσει
609 4060 720 4144 τούμδυ
750 4065 849 4147 δέμας.
872 4102 913 4152 —7
944 4069 993 4128 Or.
1018 4068 1077 4128 278
1109 4062 1189 4139 ὅστις
1218 4059 1246 4145 μ’
1276 4060 1389 4146 ἒπύρας

321 4173 406 4256 ίργον
429 4164 641 4245 αἰνοσιοίτατον,
672 4191 746 4250 quae
768 4175 860 4234 verba
880 4171 1061 4233 Matthiaeus
1083 4172 1162 4234 dicta
1183 4191 1247 4234 esse
1268 4169 1334 4232 vult
1355 4173 1389 4230 ut

321 4281 437 4344 πείθειν
453 4255 519 4348 τινὀί
541 4295 576 4348 τι,
601 4277 678 4355 quod
698 4295 784 4336 sensu
801 4276 919 4356 quidem
935 4277 1068 4355 quadrat,
1090 4296 1156 4337 cum
1171 4272 1389 4336 constructione
