3222 4936
717 448 936 515 —10-'

288 645 391 696 mone,
427 643 496 683 uum
527 624 672 699 genuinae
702 629 733 683 11
753 623 865 700 primae
894 623 983 682 huius
1006 623 1166 682 accusativi
1187 622 1309 695 luerint,
1342 642 1360 682 e

293 729 416 806 quibus,
449 737 483 787 ut
505 729 607 788 multis
636 728 765 804 placuit,
799 732 912 785 ceterae
943 729 1092 803 profectae
1114 727 1175 785 sint
1195 727 1363 786 coniectura

289 830 426 904 colligere
448 831 534 903 licet,
565 831 652 890 certis
674 829 855 905 argumentis
877 849 1036 908 numquam
1060 829 1138 888 effici
1160 829 1279 904 poterit
1321 827 1361 887 Et

289 934 368 1008 apud
389 934 568 1004 Homerum,
591 933 630 991 ad
652 953 757 1012 quem,
779 931 803 989 si
825 933 923 991 fontes
946 936 976 990 et
998 930 1143 1006 originem
1166 931 1270 990 talium
1292 951 1359 990 con-

287 1034 480 1094 structionum
503 1054 678 1110 cognoscere
700 1034 849 1104 volumus,
879 1035 1061 1092 redeundum
1085 1038 1145 1106 est,
1177 1038 1207 1091 et
1229 1035 1309 1093 hunc
1331 1039 1362 1091 et

288 1135 457 1194 liberiorem
479 1135 568 1194 huius
591 1135 751 1194 accusativi
774 1155 858 1194 usum
880 1135 939 1194 iam
970 1136 1120 1194 excultum
1149 1155 1212 1193 esse
1243 1142 1273 1194 et
1302 1137 1360 1193 fre·

289 1245 414 1319 quanter
436 1238 561 1315 reperiri
583 1259 635 1298 nos
658 1240 761 1298 edocet
783 1237 919 1313 egregius
941 1238 993 1297 ille
1021 1238 1097 1298 liber
1119 1237 1178 1296 viri
1199 1237 1362 1297 doctissimi

288 1342 331 1399 La
353 1343 462 1400 Roche.
505 1341 713 1419 (Homerische
736 1341 868 1400 Studien.
915 1340 1002 1398 Wieu
1029 1341 1133 1418 1861.)
1163 1375 1205 1384 --
1234 1346 1360 1400 Accusa-

289 1444 384 1504 tivum
407 1446 485 1520 apud
507 1447 598 1503 verba
617 1443 809 1503 intransitiva
831 1443 1044 1502 immanentum
1067 1443 1117 1501 vel
1136 1443 1288 1502 interioris
1310 1444 1361 1502 ob-

173 1553 176 1556 '
289 1546 359 1604 iecti
382 1547 564 1622 appellatum
586 1566 649 1604 esse
671 1545 811 1619 diximus,
844 1547 923 1624 quod
945 1565 1052 1604 nomen
1076 1546 1113 1604 ad
1135 1545 1258 1620 figuram
1279 1545 1361 1604 illam

288 1648 514 1724 etymologicam
551 1650 748 1708 revocandum
786 1654 838 1709 est.
891 1649 1031 1708 Continet
1066 1648 1145 1706 enim
1177 1647 1361 1707 accusativus

288 1750 366 1808 idam
389 1758 478 1830 atque
500 1753 624 1812 verbum
647 1750 735 1828 eique
765 1751 822 1809 iam
853 1750 946 1821 inest,
979 1758 1013 1810 ut
1035 1750 1148 1822 Graeci,
1184 1769 1246 1809 rem
1268 1752 1360 1809 verbo

287 1852 347 1910 iam
378 1859 546 1913 contentam
576 1853 762 1913 substantivo
794 1853 929 1931 apposito
951 1859 1129 1930 repetentes,
1163 1873 1225 1911 eam
1256 1871 1360 1926 urgere

289 1955 446 2014 voluerint.
492 1955 557 2018 Qua
577 1955 706 2015 dictione
729 1955 799 2034 quia
821 1956 981 2030 tautologia
996 1975 1084 2032 saepe
1107 1955 1230 2013 molesta
1251 1953 1361 2013 efficie-

287 2059 382 2129 batur,
404 2059 571 2118 accusativo
587 2059 761 2136 plerumque
776 2057 955 2116 adiectivum
970 2057 1101 2116 additum
1124 2062 1178 2129 est,
1200 2076 1257 2135 quo
1278 2053 1359 2114 notio

287 2160 347 2231 illa,
370 2166 401 2218 11
421 2160 453 2217 11
476 2161 662 2220 substantivo
685 2160 770 2220 etin
791 2162 883 2218 verbo
906 2160 1011 2236 posita,
1038 2160 1210 2220 variaretur.
1253 2159 1360 2236 Itaque

288 2265 366 2338 apud
399 2282 500 2323 omnes
529 2263 688 2340 scriptores
717 2262 902 2322 accusativus
932 2264 997 2321 sine
1027 2262 1173 2323 adiectivo
1203 2259 1360 2340 perpaucis

290 2367 374 2424 modo
396 2366 469 2426 locis
492 2366 628 2439 occurrit,
651 2387 716 2426 cum
739 2365 885 2426 adiectivo
908 2366 1079 2443 saepissime
1101 2364 1257 2442 reperitur,
1281 2365 1361 2442 qu'od

287 2468 365 2526 idem
387 2471 482 2543 valet,
515 2491 581 2530 oum
604 2470 788 2529 accusativus
810 2489 870 2528 nou
892 2468 1024 2528 eiusdem
1052 2467 1155 2543 stirpis
1176 2472 1265 2547 atque
1295 2487 1360 2526 ver-

288 2574 356 2630 bnm
380 2582 426 2631 111
440 2574 492 2632 sed
506 2573 704 2651 propinquam
720 2573 805 2631 modo
820 2570 971 2630 notionem
987 2573 1085 2643 habet,
1130 2570 1224 2633 Quam
1241 2569 1360 2628 dicendi

288 2674 432 2732 rationem
456 2694 493 2733 ne
515 2695 532 2732 a
555 2682 654 2734 nostra
677 2674 796 2752 quidem
827 2680 858 2732 11
879 2673 971 2732 latina
994 2673 1095 2748 lingna
1117 2675 1234 2744 abesse,
1267 2672 1360 2732 multo

288 2782 385 2835 autern
415 2777 510 2835 rarius
540 2797 627 2854 quam
650 2779 727 2853 apud
750 2776 876 2836 Graecos
905 2777 965 2851 legi
988 2784 1090 2835 notum
1116 2780 1168 2835 est.
1205 2775 1248 2834 cf.
1271 2773 1360 2833 einen

288 2886 380 2953 guten
395 2880 507 2955 Kampf
526 2879 680 2955 lritmpfen,
706 2878 797 2937 vitam
813 2879 970 2937 iucundam
992 2879 1104 2938 vivere.
1113 2913 1154 2922 —
1165 2877 1252 2940 Quod
1274 2881 1360 2936 autea

288 3002 353 3040 cunr
376 2981 475 3040 verbis
496 2981 696 3040 intransitivis
719 2979 917 3039 accusativum
939 2981 1069 3040 eiusdem
1095 2981 1197 3057 stirpis
1219 2979 1360 3055 coniungi

287 3084 426 3157 diximus,
448 3084 614 3144 transitivis
630 3103 748 3162 quoque
766 3103 832 3141 eum
855 3083 930 3172 adici
947 3103 1034 3160 posse
1055 3104 1093 3142 ne
1107 3082 1249 3143 omiseris.
1292 3082 1359 3141 Duo

288 3192 384 3245 autem
415 3207 524 3261 genera
546 3186 753 3262 distinguenda
784 3191 861 3244 sunt.
906 3190 967 3244 Aut
997 3185 1076 3244 enim
1103 3186 1287 3245 accusativus
1309 3187 1360 3245 ob·

286 3289 412 3348 iectivus
435 3296 541 3366 exstat,
562 3289 647 3350 velut
669 3290 737 3348 Eur.
761 3289 812 3364 (ly.
837 3293 876 3346 26
900 3287 1027 3363 ποίμνας
1055 3287 1261 3363 ποιμαίνομεν.
1290 3288 1358 3348 Jou.

232 3467 234 3470 Ι
294 3396 371 3450 1420
395 3383 550 3464 σκέψασθ’
574 3385 591 3448 ii
613 3394 685 3459 παῖς
706 3383 843 3449 ποτ”ο1ν
865 3381 983 3464 ὕφασμ’
1006 3384 1097 3465 ὕφην’
1124 3383 1197 3468 ἐγώ,
1227 3397 1279 3449 aut
1299 3410 1358 3450 aec.

287 3494 451 3552 immanens
466 3499 520 3568 est,
543 3495 626 3552 velut
648 3487 736 3571 ὕβριν
751 3477 890 3571 ὑβρίζειν,
914 3488 1057 3568 φιλότητα
1077 3496 1182 3567 φιλεῖν,
1206 3494 1257 3552 ubi
1280 3499 1359 3553 trau·

259 3643 264 3654 ,
287 3595 406 3654 sitivam
430 3598 586 3656 verborum
602 3596 753 3655 notionem
775 3595 896 3654 minime
916 3597 1060 3654 sublatam
1082 3616 1145 3654 esse
1167 3597 1242 3655 alter
1264 3615 1359 3658 accus.

288 3698 396 3757 obiecti
419 3700 614 3770 demonstrat,
646 3698 698 3776 qui
720 3704 837 3774 praeter
859 3697 943 3756 illum
965 3700 1103 3757 accedere
1126 3705 1240 3774 potest:
1271 3691 1360 3777 ὕβριν

287 3793 415 3879 ὑβρίζειν
437 3795 510 3859 τινά.

374 3902 461 3966 Quod
483 3904 587 3964 Graeci
617 3903 778 3963 orationem
808 3903 878 3962 solis
900 3902 1152 3963 substantivorum
1182 3903 1359 3963 accusativis

287 4008 476 4081 languentem
499 4007 654 4066 adiectivis
685 4007 795 4066 additis
824 4008 939 4066 variare
970 4014 1000 4066 et
1022 4027 1166 4067 exornare
1192 4009 1359 4080 studebant,

288 4110 394 4168 summi
417 4111 558 4192 ponderis
588 4117 633 4168 est
658 4109 690 4167 in
714 4109 899 4185 explicandis
922 4110 1109 4169 liberioribus
1138 4110 1199 4168 illis
1221 4110 1358 4169 dictioni·

287 4215 358 4286 bus,
392 4232 467 4290 quae
490 4213 657 4272 accusativo
679 4213 852 4272 immanenti
875 4213 996 4272 effectae
1019 4223 1096 4272 sunt.
1139 4213 1213 4271 Nam
1239 4233 1305 4272 cum
1326 4213 1359 4272 in
