3222 4936
667 540 706 546 ...
752 503 792 568 83
857 538 878 548 ,.

324 677 379 734 Ad
400 695 491 736 nom.
523 675 561 735 τί.
584 675 652 734 Hel.
670 680 730 734 986
754 665 943 750 κεισόμεσθα,
968 663 1120 731 οίθύυατον
1142 662 1230 749 ύλγος
1252 666 1307 743 σοί,

240 773 339 859 ψόγος
361 772 393 837 δὲ
415 779 457 860 σῷ
479 776 576 856 πατρί.
621 778 692 837 Her.
717 779 756 837 72
780 773 872 852 στέφη
896 775 1055 852 μιαίνεται,
1078 767 1161 834 πόλει
1182 768 1208 831 τ’
1235 765 1309 832 όνει-

239 880 292 952 δος
314 877 365 940 καί
389 882 471 940 θεῶν
495 874 604 956 ἀτιμία.

324 986 378 1044 Ad
407 1004 481 1045 οοο.
526 984 576 1044 Or.
603 987 681 1043 1106
704 973 823 1058 Ἑλένην
849 974 1018 1058 κτάνωμεν,
1053 975 1192 1062 Μενέλεῳ
1214 972 1310 1055 λύπην

240 1080 359 1165 πικρόν.
405 1090 430 1147 I.
452 1091 487 1148 A.
512 1092 573 1146 229
596 1079 650 1144 τόν
673 1079 745 1161 όψιν
768 1077 909 1161 ύμμότων
932 1075 973 1154 τίς
995 1076 1150 1161 πλήσαιμι,
1182 1082 1311 1159 μείλινον

239 1182 361 1249 οίδονοίν.
405 1190 455 1250 Be.
482 1195 561 1248 1089
585 1181 719 1268 θύρσους
740 1184 823 1246 ἵεσαν
848 1181 1005 1260 Πενθέως,
1028 1180 1132 1264 στόχου
1154 1178 1308 1260 δύστηνον.

238 1295 283 1353 ΕΙ.
314 1299 374 1353 229
409 1287 636 1370 εύδαιμονοίης,
673 1285 784 1368 μισθόν
815 1281 943 1367 ἡδίστων
978 1283 1082 1370 λόγων.
1134 1291 1311 1349 Kuehnerue

239 1419 267 1475 p.
290 1402 360 1474 224,
384 1400 419 1456 Α.
438 1402 454 1455 5
477 1397 557 1455 hune
578 1415 697 1455 versum
718 1397 776 1454 hue
799 1393 948 1470 pertinere
971 1400 1075 1470 neget,
1108 1393 1178 1472 quia
1199 1383 1311 1467 μισθόν

240 1520 278 1559 ex
301 1494 361 1558 εύδ.
386 1501 522 1576 pendeat,
548 1500 627 1577 quod
650 1498 721 1576 quid
742 1496 801 1556 sibi
821 1497 897 1557 velit
919 1517 978 1555 non
1001 1496 1146 1572 intelligo,
1190 1496 1230 1554 Ut
1250 1494 1311 1553 iltis

238 1603 310 1663 loeis
339 1603 390 1662 hie
420 1622 538 1682 quoque
560 1622 618 1662 κου.
642 1599 838 1678 appositionis
866 1604 979 1670 exstat,
1013 1598 1182 1674 significans
1213 1591 1230 1658 ό
1253 1595 1312 1658 ἔστι

240 1702 350 1781 μισθός
371 1726 415 1784 sq.
459 1705 545 1764 Bes
569 1694 629 1783 όριδ
654 1696 754 1780 δόμων
777 1698 900 1782 ἐρείπια,
929 1693 1194 1781 α’θοίνατονἭρας
1215 1695 1310 1779 ύβριν.

241 1809 330 1868 Phoe.
356 1809 436 1868 1137
468 1801 594 1877 ἀσπίδος
627 1799 732 1876 τύποις
765 1802 839 1883 ἐπῆν
871 1805 962 1883 Γίγας
990 1837 1031 1848 --
1061 1795 1209 1863 ύπόνοιοιν
1240 1795 1311 1880 ῆμῖν

241 1901 291 1967 οίοι
314 1910 446 1969 πείσεται
468 1905 561 1980 πόλις.
607 1916 677 1970 224.
702 1907 868 1977 Κασταλίας
888 1901 970 1985 ύδωρ
989 1903 1138 1985 περιμένει
1159 1927 1194 1984 με
1216 1900 1313 1982 κόμας

241 2005 314 2087 ἐμός
337 2010 449 2083 δεῦσαι,
473 2007 639 2088 παρθένιον
661 2005 770 2087 χλιδύν.
816 2013 841 2071 Ι.
865 2015 899 2070 Α.
924 2017 984 2070 830
1009 2003 1106 2081 δεξιόν
1128 2002 1151 2067 τ’
1174 2007 1231 2093 ἐμῆ
1252 2005 1313 2087 χερί

240 2108 393 2190 σύναψον,
428 2106 520 2190 ἆρχῆν
550 2111 704 2192 μακαρίων
736 2107 964 2189 νυμφευμάτων.
1008 2114 1054 2173 ΕΙ.
1080 2113 1159 2175 1257
1183 2105 1311 2192 Ἅλιῤῥό-

240 2221 313 2277 θιον
335 2207 376 2276 δι’
399 2210 497 2274 ἔκταν’
515 2207 624 2293 Ἄρης,
648 2217 736 2291 μῆνιν
758 2208 909 2295 θυγατρός
932 2207 1059 2273 ύνοσίων
1082 2209 1311 2292 νυμφευμάτων.

241 2320 280 2379 Η.
303 2321 324 2379 f.
349 2324 387 2398 5-ss
411 2319 548 2378 τοιούτου
568 2310 778 2397 ύνθροίποισιν
799 2308 820 2392 ῆ
839 2314 1020 2395 δυσπραξία·
1043 2303 1080 2394 ῆς
1095 2311 1211 2394 μήποθ’
1234 2312 1314 2388 ὅστις

240 2419 291 2482 καὶ
308 2418 404 2496 μέσως
420 2412 524 2489 εύνους
542 2416 608 2496 ἐμοὶ
622 2413 715 2496 τύχοι,
739 2419 833 2493 φίλων
849 2415 962 2498 ἔλεγχον
983 2411 1212 2495 α’φευδίστατον.
1256 2421 1313 2480 Sel.

240 2519 273 2586 τό
296 2527 349 2602 τῆς
372 2521 526 2600 δυστυχίας
557 2525 652 2599 τυχεῖν
676 2519 754 2580 ἐστιν
775 2521 870 2596 φίλων
893 2518 1014 2602 ἔλεγχος.
1060 2527 1120 2582 415
1145 2520 1199 2600 ἔβα
1222 2515 1315 2602 κόρας

238 2621 352 2707 Ἀρείας
374 2621 494 2685 πέπλων
520 2618 632 2703 φόρος,
662 2625 808 2703 ζωστῆρος
831 2618 989 2705 ὀλεθρίους
1012 2619 1113 2705 ύγρας.
1159 2631 1219 2685 226
1243 2618 1310 2685 οὐδ’

237 2722 349 2790 Ἑλλάδ’
380 2721 478 2813 ᾔνεσα,
501 2761 543 2772 -
566 2720 604 2803 ῆν
625 2729 698 2804 χρῆν
720 2731 851 2797 νεοσσοῖς
872 2727 969 2787 τοῖσδε
992 2729 1070 2807 πῦρ,
1096 2722 1215 2807 λόγχας,
1238 2722 1314 2788 δπλα

240 2831 390 2912 φέρουσαν
427 2828 539 2901 ἐλθεῖν,
578 2829 707 2890 ποντίων
739 2825 944 2910 καθαρμάτων
977 2827 1082 2908 χέρσου
1114 2826 1140 2889 τ’
1175 2823 1313 2909 α’μοιβοίς.
1385 2847 1387 2852 ’

240 2942 301 2996 426
333 2926 446 2994 ἔπλευό
470 2931 499 3004 λς
520 2931 637 3006 Αίδαν,
671 2927 773 2993 πόνων
803 2927 943 2993 τελεοτύν.
987 2933 1055 2994 Non
1077 2936 1113 2994 αδ
1135 2932 1205 2993 Αίδ.
1228 2955 1314 2996 revo-

240 3037 369 3099 caverim
399 3030 549 3107 τελευτύν,
581 3057 670 3116 quem
699 3037 788 3096 finem
817 3037 1002 3097 miseriarum
1034 3037 1185 3114 appellere
1208 3038 1316 3116 potuit,

240 3144 292 3201 sed
314 3143 349 3201 ed
373 3146 464 3200 totam
486 3139 664 3200 sententiam
686 3145 815 3216 spectat,
847 3141 916 3220 quia
938 3140 1078 3200 Herculis
1100 3140 1158 3200 iter
1186 3141 1219 3200 in
1241 3141 1313 3202 Tar·

241 3251 337 3304 tarum
359 3245 470 3304 tactum
492 3243 555 3303 eius
577 3241 710 3302 laborum
732 3243 801 3302 finis
825 3248 898 3304 erat.
944 3244 1004 3304 670
1028 3235 1064 3302 ού
1086 3236 1240 3319 παύσομαι
1263 3237 1317 3313 τός

246 3339 378 3426 Χόριτας
395 3338 537 3416 Μούσαις
559 3339 805 3425 συγκαταμιγνύς,
828 3336 950 3405 ἇδίσταν
972 3345 1122 3426 συζυγίαν.
1164 3352 1225 3406 967
1236 3338 1268 3422 ,ό
1290 3335 1316 3406 δ’

245 3448 397 3522 ἐξελίσσων
419 3447 513 3507 παῖδα
535 3448 633 3519 κίονος
648 3441 757 3531 κύκλῳ,
779 3443 908 3528 τόρευμα
930 3442 1040 3522 δεινόν,
1063 3440 1159 3520 ποδός
1181 3447 1315 3510 ἐναντίον

243 3552 374 3622 σταθείς.
418 3552 490 3612 Cum
511 3546 640 3632 τόρευμα
663 3552 852 3612 nullomodo
875 3553 973 3613 teneri
993 3554 1104 3631 possit,
1126 3554 1316 3613 Hermennue

242 3648 378 3733 πόρευμα
406 3655 540 3732 εοεὶμείες
573 3655 732 3729 assentior,
764 3649 832 3733 πόρ.
856 3654 925 3714 δειν.
948 3657 1164 3734 appositionem
1193 3656 1315 3730 habens,

242 3777 303 3818 non
325 3777 391 3818 eum
421 3757 473 3818 illo
503 3760 540 3818 ad
562 3757 683 3828 σταθείς
712 3761 843 3821 trahens.
891 3763 969 3819 1351
995 3756 1084 3818 τέκνα
1114 3750 1190 3836 πρός
1218 3752 1312 3838 στέρν’

242 3857 355 3939 ἐρείσας
376 3856 463 3940 μητρί
490 3854 565 3930 δούς
586 3855 612 3918 τ’
638 3858 668 3930 ἐς
691 3852 838 3941 οίγκόλας,
869 3860 1026 3922 κοινωνίαν
1048 3855 1204 3936 δύστηνον.
1251 3867 1312 3920 982

244 3956 263 4023 ό
285 3957 326 4037 δέ,
343 3995 385 4007 -
401 3955 612 4041 μυδρόκτυπον
635 3956 749 4040 μίμημ’,
774 3955 848 4043 ύττδρ
871 3957 949 4045 κόρα
970 3956 1068 4041 βαλοίν
1091 3962 1177 4035 ξύλον
1199 3966 1317 4040 καθῆκε

242 4057 353 4134 παιδός
376 4061 417 4134 είς
439 4058 551 4136 ξανθόν
574 4059 660 4144 κόρα.
705 4067 850 4126 Hercules
865 4070 967 4127 eodem
986 4070 1074 4128 modo
1097 4054 1196 4127 arctim
1219 4074 1316 4143 gesta-

242 4169 321 4229 visse
344 4168 467 4241 dieitur,
498 4190 555 4249 quo
585 4171 667 4228 taber
689 4171 799 4229 ferrum
823 4171 951 4230 tundens
972 4170 1119 4230 malleum.
1163 4170 1229 4229 Ηοο
1251 4171 1314 4230 Ιοοο

244 4271 461 4349 appositionem
483 4271 675 4348 sententiam,
705 4273 742 4333 ad
765 4293 853 4354 quam
874 4292 905 4332 ee
927 4274 1035 4347 refert,
1068 4292 1127 4333 non
1150 4272 1243 4352 sequi,
1265 4274 1317 4331 sed

1116 4370 1159 4435 ὅτι
