3222 4936
748 489 875 555 -35
926 528 960 536 .-

318 659 414 719 locum
445 660 530 720 illum
563 681 623 721 non
646 663 865 738 transtulerim,
903 665 972 744 quia
998 683 1101 740 parum
1131 668 1199 740 apte
1221 663 1285 740 ipse
1307 683 1390 723 mons

317 763 418 839 ignem
447 762 478 822 in
503 765 654 826 cacumine
685 786 737 825 suo
762 745 971 846 *splendentem
992 767 1160 826 accendisse
1181 766 1298 826 dicitnr.
1340 768 1391 826 In·

317 865 468 926 transitivi
490 871 588 926 autem
616 867 702 927 verbi
731 889 815 928 usum
847 869 991 946 exemplis
1013 869 1156 928 illustrari
1184 889 1245 928 non
1266 875 1391 946 oportet.

324 969 368 1028 Of.
392 972 447 1028 Ion
471 975 542 1030 490.
587 972 664 1030 And.
690 971 760 1030 764.
789 976 878 1031 1000.
922 973 1005 1031 LA.
1031 975 1101 1034 156.

406 1071 457 1129 Or.
485 1075 561 1131 1527
594 1065 682 1150 ῖῖττεχε
712 1067 882 1152 φάσγανον·
921 1071 1011 1144 τιέλας
1029 1068 1097 1153 -γδρ
1129 1068 1227 1133 δεινδν
1255 1065 1395 1154 α’ντανγεῖ

248 1239 254 1250 x
321 1168 426 1247 φόνον.

405 1276 467 1336 474
491 1268 508 1336 δ
530 1271 650 1355 δροῖιιοον
672 1276 779 1354 στίλβει
801 1272 944 1348 νοσιέδεις
966 1271 1128 1358 δοτραττιῖς.

406 1381 458 1439 Βο.
477 1385 493 1438 8
517 1372 578 1456 δροῖ
601 1375 704 1456 δόμων
719 1377 832 1459 ἐρείπια
854 1373 1008 1456 τυφόμενα
1024 1380 1101 1441 Δίου
1123 1375 1220 1462 nepte
1241 1379 1282 1440 έτι
1299 1383 1392 1454 ζοῖσαν

321 1476 425 1561 φλόγα.
470 1483 546 1542 Sunt
569 1483 621 1562 qui
644 1485 709 1555 ζαῖσ.
734 1486 781 1558 φλ.
806 1483 1021 1560 appositionem
1044 1486 1188 1558 habeant,
1219 1487 1295 1564 quod
1317 1485 1392 1543 male

321 1586 420 1644 sensui
443 1586 602 1645 convenire
631 1587 706 1645 mihi
728 1587 857 1646 videtur.
906 1581 1062 1661 Τύφεσθαι
1084 1592 1130 1646 est
1150 1589 1264 1647 fumare
1286 1593 1317 1648 et
1337 1588 1393 1646 hcc

320 1689 384 1748 loco
407 1688 509 1747 ruinae
540 1691 652 1748 fumare
683 1689 757 1748 dicit
779 1695 866 1766 poeta
895 1689 953 1762 ita,
983 1695 1017 1749 ut
1039 1690 1201 1766 paullulum
1223 1692 1318 1749 adhue
1339 1690 1394 1765 gli·

321 1796 405 1851 scaut
427 1796 458 1850 et
479 1792 558 1868 ignis
581 1793 634 1851 sub
650 1791 745 1851 ruinis
761 1792 870 1867 vigeat,
893 1794 972 1872 quod
994 1793 1027 1852 in
1050 1813 1117 1867 τυφ.
1142 1793 1207 1864 ζῶα.
1228 1795 1275 1867 φλ.
1299 1793 1394 1852 inest:

323 1894 385 1968 „sie
408 1895 574 1955 schweclen
590 1895 666 1954 noch
688 1894 729 1953 im
752 1894 888 1970 feurigen
904 1894 1079 1954 Glimmen“.
1122 1895 1176 1954 Sin
1199 1901 1296 1955 antem
1311 1916 1394 1955 accu-

323 1997 451 2056 sativum
475 1994 564 2075 έρείτι.
587 2017 657 2070 τνφ.
689 2017 728 2056 ax
750 1989 811 2076 δρῶ
834 1997 1012 2073 pendentem
1034 1997 1157 2057 facimus
1182 2004 1213 2057 et
1234 1998 1395 2075 appositio·

323 2119 390 2158 nem
413 2100 495 2160 illam
518 2100 683 2174 statuimus,
705 2099 785 2159 inter
807 2120 838 2159 se
861 2100 1007 2160 contraria
1030 2101 1141 2160 dixerit
1162 2103 1257 2177 poeta.
1302 2101 1395 2174 „Nam

324 2222 384 2262 non
407 2203 554 2263 flammam
584 2206 735 2263 ardentem
765 2204 847 2263 videt
869 2205 1014 2278 Bacchus,
1046 2205 1096 2263 sed
1126 2205 1253 2277 fumum,
1289 2209 1395 2263 testem

322 2305 402 2381 ignis
424 2307 554 2366 nondum
576 2307 696 2383 penitus
721 2306 890 2368 exstinctis*
935 2307 1038 2366 Herm.

409 2443 618 2502 Verborum
649 2443 790 2503 urendi
820 2443 864 2503 ita
885 2449 1057 2520 usurpatum
1088 2448 1134 2503 est
1155 2438 1271 2523 φλέγειν
1303 2444 1393 2502 Phoe.

326 2551 385 2606 168
409 2538 496 2628 ἕρδοις
517 2538 606 2621 ὅμοια
623 2542 778 2624 φλεγέθων
793 2544 896 2623 βολαῖς
912 2538 995 2605 tilica
1008 2545 1045 2624 1).
1090 2545 1213 2605 Duobus
1235 2545 1301 2604 aliis
1322 2544 1393 2604 locis

324 2648 405 2708 natio
428 2648 511 2708 verbi
534 2648 691 2708 transitiva
712 2654 758 2707 est
780 2648 846 2708 Tro.
869 2654 930 2707 308
954 2645 1051 2728 φλέγω
1073 2641 1206 2723 λαμπάσι
1228 2639 1293 2706 τόδ’
1316 2639 1393 2723 ῖερδν

323 2751 343 2811 i.
362 2770 387 2810 e.
410 2750 536 2810 illustro.
579 2750 669 2810 Phoe.
693 2755 753 2809 241
770 2742 864 2828 ’Ἁρης
886 2741 959 2826 αἷμα
982 2746 1066 2809 δάιον
1089 2747 1186 2829 φλέγει
1209 2748 1279 2833 τῇδε
1303 2743 1393 2808 πόλει.

325 2851 526 2930 Metaphcrice
543 2855 666 2913 verbum
684 2859 782 2913 exstat
802 2859 836 2912 ut
857 2859 988 2914 nostrum
1004 2857 1171 2914 enmdnden
1195 2858 1225 2913 et
1240 2851 1397 2912 scholiasta

324 2956 537 3034 interpretatus
560 2961 606 3015 cst
627 2949 755 3032 adlapsa
777 2955 923 3036 διαγεῖρει.

412 3093 532 3153 Verbi
559 3093 737 3153 florendi
766 3095 934 3171 exemplum
955 3094 1070 3155 laudari
1092 3099 1191 3173 potest
1221 3095 1257 3154 fr.
1281 3096 1352 3153 318.
1376 3097 1394 3149 3

325 3196 363 3276 γῆ
385 3190 412 3255 δ’
439 3188 544 3276 ήρινδν
565 3190 727 3258 θάλλουσα.
847 3262 849 3266 Α

412 3315 541 3375 Verba
573 3317 736 3377 fluendi.
781 3315 844 3395 δεῖν
875 3338 899 3378 c.
931 3338 989 3378 acc.
1020 3325 1108 3396 pocta
1139 3338 1200 3378 non
1232 3315 1397 3394 coniunxit,

328 3439 354 3478 c.
377 3420 436 3478 dat.
459 3419 510 3480 Ba.
535 3423 590 3478 141
616 3417 664 3498 p‘ei
682 3414 715 3479 δέ
736 3414 857 3498 γδλαιιτι
879 3417 981 3493 πέδον,
1004 3419 1051 3499 ῥεῖ
1071 3415 1097 3478 δ’
1121 3419 1205 3499 ὀῖ’νφ,
1228 3416 1327 3499 δεῖδὲ
1348 3442 1396 3499 με-

326 3522 428 3580 λισσᾶν
442 3516 570 3601 νέκταρι.
592 3522 658 3582 Tro.
674 3526 746 3597 451,
762 3529 833 3594 989,
852 3523 920 3586 Hel.
939 3528 1028 3583 1608.
1062 3523 1231 3583 Transitivc
1247 3525 1321 3586 Hac.
1335 3528 1394 3582 525

327 3620 404 3703 έρρει
434 3621 508 3699 χειρὶ
537 3616 609 3700 χοεῖς
629 3619 756 3684 θανόντι
787 3625 884 3705 πατρί.
909 3661 950 3670 -
973 3619 1083 3698 στάζειν
1105 3645 1129 3685 ο.
1154 3627 1212 3686 dat.
1256 3627 1311 3686 Ion
1335 3631 1395 3686 884

328 3719 510 3806 δακρύοισιν.
548 3728 572 3786 Ῑ.
591 3727 625 3786 Τ.
645 3733 715 3787 300.
751 3729 801 3787 Ba.
821 3732 900 3787 1152
925 3726 954 3788 ἐν
973 3726 1082 3805 αἵματι,
1105 3748 1129 3788 ο.
1145 3748 1204 3790 acc.
1220 3729 1260 3788 H.
1276 3730 1297 3788 f.
1315 3733 1394 3788 1348

328 3819 383 3887 ἄττ’
406 3823 548 3906 ὀμμάτων
580 3825 684 3901 έσταξα
716 3824 822 3908 πηγαῖς.
868 3832 918 3890 Βο.
943 3835 1002 3890 610
1026 3828 1136 3909 ἱδρῶτα
1168 3825 1302 3908 σώματος
1324 3824 1394 3892 duc.

329 3931 396 3992 Tro.
431 3930 519 3992 1187.
564 3932 636 4010 Hip.
665 3938 719 3993 121
752 3925 903 3992 Ὠκεανοῦ
933 3953 978 4003 τις
1007 3926 1088 4012 ὕδωρ
1121 3927 1265 4006 στάζονσα
1292 3931 1393 4014 τιέτρα.

398 4188 423 4256 1)
440 4190 480 4238 Ad
497 4191 558 4238 haec
576 4195 600 4238 et
617 4191 744 4250 sequentia
755 4191 834 4240 verba
845 4192 966 4240 adiectiva
983 4205 1079 4251 quaqua
1097 4191 1175 4252 attuli,
1194 4204 1257 4250 quae
1274 4206 1299 4252 p.
1313 4194 1346 4241 23
1358 4207 1397 4253 sq.

325 4278 376 4330 iam
393 4277 519 4328 afferenda
535 4281 611 4325 eraut.
