3222 4936
739 475 951 540 ,56-

313 652 361 708 50.
406 648 479 707 Her.
503 653 574 707 880.
619 647 690 724 Sup.
722 647 807 724 378),
831 646 1030 708 accusativum
1061 666 1158 706 secum
1190 646 1281 706 hebet
1307 646 1380 706 Her.

313 757 372 811 519
395 744 516 821 κακούς.
527 750 557 829 ¹)

397 854 463 914 Hoc
479 854 544 913 loco
567 854 746 913 mentionem
764 853 885 912 fecerim
904 853 1030 931 duplicis
1052 853 1132 911 illius
1154 852 1381 911 constructionis

311 957 395 1017 verbi
419 948 543 1030 διδόναι,
567 962 618 1016 aut
640 953 666 1012 τὶ
690 954 754 1029 τινί,
778 956 809 1014 id
832 957 911 1035 quod
933 956 1023 1030 vulgo
1046 955 1163 1030 legitur,
1187 960 1239 1013 cut
1258 975 1315 1013 usu
1336 973 1382 1012 ra-

311 1059 389 1119 riore
412 1051 479 1116 τινό
501 1057 572 1132 tovi,
602 1059 685 1118 cuins
715 1057 852 1134 exempla
881 1059 993 1117 hebec:
1024 1057 1089 1116 Tro.
1117 1061 1196 1115 1164
1219 1049 1382 1134 βόστρυχον

312 1155 483 1238 φιλήμασιν.
527 1161 596 1221 Hel.
620 1166 680 1220 868
704 1157 847 1218 κέλευθον
879 1158 1034 1240 καθαρσίῳ
1068 1157 1162 1238 φλογί.
1210 1164 1290 1218 1884
1314 1161 1380 1216 λου-

312 1267 392 1340 τροῖς
414 1256 488 1341 χρόα
510 1264 573 1341 (Or.
588 1269 628 1323 42
651 1256 761 1341 λουτρό
783 1263 893 1342 χρωτί).
915 1264 988 1323 Ηοο.
1006 1268 1066 1322 926
1090 1255 1202 1338 βούταν
1225 1255 1383 1340 αἰνόυαριν

312 1359 427 1448 κατάρᾳ
451 1368 553 1437 (Phoe.
580 1373 661 1427 1613
685 1359 762 1445 όρός
783 1364 891 1444 παιδί).

395 1471 445 1530 Ite
467 1489 586 1550 quoqne
614 1468 776 1547 δωρεῖσθαι
806 1474 1007 1530 constructum
1029 1475 1082 1532 est.
1126 1469 1199 1528 Her.
1226 1473 1306 1527 1028
1330 1460 1383 1526 ιιό-

313 1575 358 1631 λιν
380 1573 502 1654 χρησμῷ
523 1569 647 1643 Λοξίου.
694 1573 743 1631 Or.
770 1573 828 1631 117
854 1567 884 1629 σὲ
906 1570 1005 1631 ταῖσδε
1026 1575 1116 1648 χοαῖς.

400 1676 529 1736 Ver'bc
551 1677 660 1750 bene,
683 1676 983 1748 mele-dicendi,
1006 1676 1182 1735 faciendi.
1206 1674 1254 1754 (Κ.
1268 1679 1337 1733 252.
1353 1679 1382 1742 2)

314 1778 397 1842 Quae
420 1799 485 1837 cum
507 1779 585 1837 nihil
606 1780 744 1851 habeant,
766 1778 799 1836 in
822 1799 881 1859 quo
904 1778 1010 1837 morari
1033 1797 1153 1838 necesse
1175 1779 1222 1849 sit,
1252 1777 1386 1838 breviter

314 1901 349 1940 ee
371 1882 457 1940 modo
480 1882 633 1956 attingam.
663 1884 874 1960 κακορροθεῑν.
910 1881 973 1940 Alc.
998 1882 1057 1940 718
1082 1877 1183 1940 παῖὁα.
1227 1880 1299 1956 Hip.
1323 1883 1384 1937 840

314 1977 486 2062 συγγόνους.
511 2019 553 2027 -
576 1983 752 2059 δυσφημεῖν.
794 1984 867 2042 Ηοο.
895 1984 952 2041 179
985 1979 1029 2059 μέ.
1053 1985 1127 2044 Her.
1150 1989 1211 2042 600
1235 1973 1320 2040 θεόν.
1344 2015 1386 2025 -

315 2079 451 2165 εὐλογεῖν.
486 2087 559 2146 Ηοο.
583 2091 653 2146 461.
687 2088 778 2146 Phoe.
803 2088 873 2146 970.
906 2086 975 2163 Sup.
1003 2088 1074 2145 927.
1105 2087 1162 2147 Ion
1187 2085 1256 2145 187.
1294 2090 1385 2144 1621.

314 2223 358 2234 -
379 2181 547 2267 εὐεργετεῖν.
592 2191 655 2250 nlo.
691 2191 759 2249 871.
805 2192 876 2267 Hip.
909 2195 979 2251 690.
1023 2190 1089 2249 Hel.
1123 2195 1214 2250 1019.
1237 2223 1280 2233 -
1301 2189 1326 2248 I.
1350 2194 1385 2248 A.

317 2294 377 2351 878
401 2285 547 2368 βούλομαί
569 2285 593 2350 o'
620 2289 712 2350 εἰπεῖν
733 2293 835 2360 ιιαιιοῑς
856 2279 889 2350 εὖ
912 2294 932 2352 i.
955 2312 981 2352 e.
1003 2294 1079 2352 bene
1101 2292 1156 2352 tibi
1178 2292 1387 2351 maledicturus

315 2415 387 2454 sum.
419 2394 514 2458 Quum
536 2396 693 2456 lectionem
713 2397 848 2455 omnibus
870 2395 955 2456 libris
977 2401 1008 2456 et
1029 2416 1082 2473 per
1104 2395 1262 2455 Stcbceum
1286 2395 1384 2452 firme-

315 2504 375 2558 tam
404 2517 465 2556 non
493 2504 573 2557 recte
596 2503 785 2559 mutaverunt
813 2499 845 2557 in
868 2485 916 2558 αὖ.
961 2500 1086 2559 Multum
1111 2499 1189 2557 enim
1211 2504 1300 2574 poeta
1321 2496 1387 2558 teli-

315 2602 370 2660 bus
396 2600 428 2657 in
451 2601 602 2678 oxymoris
622 2601 706 2661 ludit.
730 2601 765 2660 V.
788 2602 909 2676 Pflugk.
943 2603 977 2659 ad
1000 2602 1019 2660 l.
1043 2601 1151 2660 -De
1183 2601 1292 2677 duplici
1315 2620 1386 2673 coc,

316 2704 348 2760 in
371 2723 430 2782 quo
462 2705 553 2763 verba
581 2704 634 2762 illc
655 2704 747 2762 multo
769 2704 886 2780 saepius
909 2708 1081 2777 occurrunt,
1112 2704 1214 2763 videas
1234 2703 1321 2762 infre.

401 2805 618 2864 Verborum
657 2806 819 2866 dicendi
857 2811 888 2866 et
925 2807 1094 2866 vocandi
1133 2826 1156 2867 ο.
1191 2826 1249 2866 acc.
1279 2806 1385 2866 obiecti

316 2909 478 2987 specimina
499 2912 583 2968 sunt:
605 2908 679 2968 Heo.
703 2914 763 2967 668
787 2909 882 2980 ζῶσαν
903 2904 1032 2977 λέλακας.
1066 2914 1125 2968 865
1148 2902 1219 2978 νοός
1242 2901 1385 2984 αἰχμαλώ-

317 3032 387 3081 τους
409 3001 502 3078 εἶπας.
525 3045 567 3054 -
588 3011 661 3087 Hip.
688 3016 746 3070 166
776 3004 830 3069 τόν
857 3006 950 3082 τόξων
981 3008 1141 3087 μεδέουσαν
1163 3005 1272 3070 ἆόνευν
1287 3004 1388 3084 ’Ἀρτε-

318 3135 377 3190 μιν.
400 3148 442 3158 -
464 3113 531 3172 Tro.
556 3118 616 3172 590
644 3113 722 3196 βοᾷς
748 3105 800 3172 τόν
829 3112 929 3174 παῖδα.
975 3117 1051 3174 And.
1079 3116 1157 3174 1097
1182 3114 1241 3198 βοᾷ
1263 3109 1295 3173 δὲ
1318 3115 1388 3171 Δελ-

318 3219 385 3290 φῶν
416 3213 525 3284 παῖδας
553 3215 574 3275 i.
596 3236 622 3275 e.
650 3217 797 3277 inclamet.
840 3218 933 3277 Phoe.
969 3222 1046 3277 1161
1076 3215 1144 3299 βοᾷ
1177 3218 1236 3294 ιιῦρ
1267 3212 1318 3274 καὶ
1346 3214 1389 3274 δι-

317 3315 418 3388 κέλλας
447 3319 598 3379 clamando
621 3321 758 3396 postulet.
804 3321 881 3380 Med.
907 3326 943 3379 21
978 3319 1037 3403 βοᾷ
1070 3312 1099 3377 δ’
1129 3313 1239 3399 όριιους
1261 3320 1388 3380 clemens

320 3423 494 3482 obtestetur.

405 3523 472 3583 Tro.
498 3528 557 3582 880
588 3516 789 3601 προσεύξομαί
811 3541 843 3584 σε
871 3546 924 3602 pro
954 3523 1009 3595 σοί,
1035 3525 1114 3606 quod
1136 3527 1294 3585 secundum
1324 3526 1388 3586 vul-

319 3647 418 3704 garem
449 3647 534 3686 usum
563 3627 753 3686 desideretur.
785 3628 828 3687 ef.
851 3629 890 3688 H.
912 3629 933 3688 f.
959 3633 1050 3687 1295.
1095 3628 1166 3705 Hip.
1199 3633 1268 3688 116.
1313 3629 1389 3686 And.

322 3733 401 3792 1077
428 3722 541 3806 ιιατεόχ.

405 3835 568 3910 Singularis
597 3835 681 3896 verbi
718 3826 845 3893 κελεύειν
874 3836 1054 3896 constructio
1086 3840 1132 3895 est
1160 3837 1252 3897 Phoe.
1277 3842 1315 3895 89
1340 3835 1390 3896 καλ

391 4078 417 4134 1)
435 4074 545 4122 Verbum
563 4066 680 4138 ὠφελεῖν,
699 4074 726 4120 in
738 4073 849 4133 pedestri
861 4088 974 4121 sermone
991 4088 1089 4135 semper
1107 4090 1128 4124 ο,
1143 4090 1193 4122 ecc.
1212 4079 1388 4134 constructum,

320 4167 420 4221 pcctem
446 4175 502 4208 cum
526 4160 611 4206 dativo
637 4173 736 4218 quoquc
763 4161 922 4207 coniunxisse
947 4160 1066 4207 sdnctcrc
1084 4161 1168 4222 licent,
1193 4162 1224 4210 cf.
1244 4163 1276 4208 Η.
1296 4163 1312 4208 f.
1330 4164 1389 4222 497,

318 4246 381 4294 Her.
401 4247 458 4295 679.
495 4244 538 4292 Or.
558 4246 617 4304 659,
637 4245 694 4293 674.
731 4244 795 4291 And.
816 4247 864 4294 667
883 4247 936 4303 τοῖς
952 4240 1024 4309 ἐμοῖς
1040 4241 1186 4311 ἐπωφελεῖν.
