3222 4936
669 491 883 555 ——77-

242 665 357 744 syllaba
378 666 521 742 producta
537 663 728 724 desideretur.
774 663 840 728 Qua
854 664 890 722 dc
908 683 995 723 causa
1009 662 1199 723 Hermannus
1214 654 1314 742 φυγάς

241 768 441 828 accusativum
471 786 535 827 esse
557 766 726 840 contendit,
758 766 888 842 positum
919 763 952 822 in
982 775 1053 841 ψνχ.
1076 785 1159 837 ποια,
1195 786 1252 844 qua
1281 765 1313 823 in

242 871 344 946 phrasi
379 870 553 947 deplorandi
591 869 673 928 notio
705 868 785 928 insit.
838 867 1022 946 Quamquam
1055 867 1180 927 Wcilius
1217 869 1313 944 legem

240 971 324 1032 illam
346 972 497 1036 metricam
518 971 744 1032 incertissimam
768 989 832 1029 osso
852 965 933 1042 dicit,
956 969 1078 1046 plurimi
1099 969 1159 1030 viri
1182 971 1260 1029 docti
1282 971 1314 1029 in

241 1094 292 1148 ea,
323 1075 555 1152 uttragicorum
578 1073 700 1162 propria
721 1074 939 1152 diligenterque
962 1074 1159 1146 observanda,
1193 1092 1315 1132 consen·

241 1178 330 1237 liunt.
372 1179 445 1237 Eam
466 1178 559 1256 igitur
589 1177 698 1237 secutis
726 1176 790 1237 loco
821 1161 873 1236 illo
897 1167 996 1254 φυγός
1017 1174 1202 1235 accusativus
1229 1175 1315 1235 nobis

241 1280 394 1340 habendus
425 1286 484 1354 est,
519 1300 606 1361 quem
639 1300 676 1340 ex
706 1292 777 1357 ψυχ.
801 1301 864 1339 cun.
887 1281 1016 1357 pendere
1038 1297 1124 1355 posse
1146 1277 1221 1336 mihi
1243 1298 1316 1356 quo·

243 1402 299 1462 que
321 1403 493 1459 persuasum
516 1390 569 1443 est.
612 1383 767 1443 Neminem
798 1387 895 1444 autem
917 1381 1041 1457 fugerit,
1073 1380 1232 1440 dictionem
1259 1382 1316 1440 hac
1405 1443 1409 1451 ,

242 1486 357 1546 ratione
380 1487 620 1560 molestissimam,
647 1487 791 1562 existere,
829 1485 898 1565 qnia
921 1483 1020 1544 nimio
1051 1484 1220 1560 pleonasmo
1242 1461 1315 1542 ocior

242 1592 273 1645 et
295 1587 420 1648 ναίουσα
442 1590 522 1650 inter
545 1611 576 1651 se
599 1592 771 1663 cohaerent,
805 1607 880 1668 quae
902 1587 1007 1646 melius
1030 1585 1255 1660 disiunguntur,
1289 1586 1315 1645 si

244 1683 344 1768 φνγός
366 1692 413 1751 sui
430 1692 504 1752 iuris
519 1699 572 1753 est.
594 1727 638 1737 -—
660 1695 728 1772 ch.
748 1694 805 1751 147
831 1686 862 1749 σὲ
885 1685 978 1770 γεύσω
996 1682 1126 1769 ἄκρατον
1147 1683 1227 1764 μέθυ
1249 1688 1315 1747 eine

243 1794 419 1870 Methprohs
443 1796 565 1854 macheu
588 1796 693 1855 lassen.
716 1829 754 1839 -
781 1794 850 1853 Hel.
876 1798 954 1853 1321
979 1792 1133 1852 Nauchius
1155 1796 1185 1851 et
1207 1791 1316 1850 Kirch·

242 1896 351 1954 holfius
365 1896 480 1956 codices
495 1904 676 1977 sequuntur:
697 1891 866 1973 ματεύουοα
882 1889 995 1965 πόνους
1011 1885 1163 1974 θυγατρός
1178 1885 1315 1973 ἅρπαγας

249 1994 367 2067 dolicae
388 2000 418 2058 h.
442 2018 466 2058 a.
486 2000 589 2074 vmultis
617 2021 682 2059 cum
704 2000 855 2059 laboribus
876 1999 967 2058 filiam
989 2005 1104 2076 raptam
1125 1999 1315 2074 investigare.

246 2098 437 2179 Hermannus
458 2102 609 2179 Stephano
640 2107 758 2162 auctore
789 2102 909 2180 scripsit
930 2093 1085 2176 ματεόουο’
1108 2091 1251 2179 οἷπόρους.
1273 2135 1315 2145 -

243 2203 334 2262 Phoe.
353 2208 412 2263 258
437 2199 473 2264 ori
490 2198 545 2284 ydp
566 2197 670 2264 ἄδικον
692 2202 733 2274 εἰς
750 2199 852 2284 ἀγῶνα
868 2196 946 2262 τόνδ’
969 2201 1092 2263 ἔνοπλον
1115 2195 1194 2288 όρμρῖ
1212 2200 1316 2288 (παῖς),

245 2296 280 2374 dg
308 2301 470 2385 μετέρχεται
501 2301 621 2383 δόμους.
667 2307 782 2368 Omissa
811 2327 883 2368 vocs
912 2310 996 2379 παῖς,
1029 2326 1104 2386 quae
1133 2315 1226 2367 metro
1257 2328 1317 2368 non

245 2408 399 2483 convenit,
436 2409 518 2470 illam
554 2409 686 2470 codicum
719 2411 893 2487 scripturam
930 2410 1121 2487 praetulerim
1153 2411 1317 2470 Hermanni

247 2502 274 2569 α’.
299 2508 322 2571 ἒ.
345 2505 392 2591 ἆμ.
417 2506 498 2572 τόνδ’
524 2509 649 2572 ἔνοπλον
671 2503 767 2593 όρμόν
797 2516 868 2584 παῖς
890 2509 998 2592 μετέρχ.
1023 2507 1144 2589 δόμους.
1189 2513 1315 2574 Offendo

127 2683 130 2691 Ι
244 2613 278 2672 in
300 2615 519 2693 praepositione
541 2614 582 2687 εἰς
604 2621 721 2694 praeter
742 2616 810 2677 illos
840 2619 897 2677 duo
929 2637 988 2678 acc.
1010 2637 1077 2676 cum
1100 2618 1201 2676 eodem
1224 2619 1315 2677 verbo

246 2718 411 2778 coniuncta.
454 2719 667 2794 Intransitivus
683 2719 773 2780 activi
788 2711 885 2798 όρμᾶν
901 2740 970 2781 usus
982 2721 1115 2780 firmatur
1129 2721 1207 2779 Med.
1225 2721 1314 2781 1167.

246 2822 328 2882 -L
343 2820 377 2880 Τ.
393 2826 452 2881 395
469 2818 545 2881 ἔνθα
560 2816 656 2902 κοόρα
672 2821 720 2881 δία
736 2819 830 2903 τέγγεν
840 2817 962 2900 (impuris
978 2819 1029 2883 καὶ
1043 2825 1214 2901 περικίονας
1227 2815 1317 2894 vende

247 2913 319 3000 οἶμα
338 2911 484 3002 ’βρότειον
527 2926 698 2986 Dindorfius
715 2927 931 2987 nominativum
950 2921 1044 3005 κούρα
1066 2929 1234 3000 tenendum,
1257 2946 1316 2987 non

246 3025 348 3087 dativo
362 3030 533 3088 mutandum
552 3049 616 3089 esse
631 3029 754 3102 monuit,
781 3036 815 3092 nt
830 3032 1026 3090 construenda
1043 3029 1104 3089 sint
1119 3033 1209 3090 verba
1225 3027 1318 3110 τέγγει

246 3129 298 3189 scl.
309 3129 394 3206 virgo
410 3120 483 3208 cipe
499 3126 627 3210 βωμούς.
654 3123 727 3210 Αῐμ.
739 3129 815 3213 τέγγ.
832 3139 878 3194 ast
888 3133 1018 3194 cruentis
1028 3133 1120 3210 guttis
1132 3134 1317 3210 adspergere,

247 3235 426 3294 cruentando
442 3234 573 3311 irrigare.
618 3235 684 3301 Quo
703 3235 766 3296 loco
786 3237 875 3296 alium
893 3235 1028 3314 expediri
1047 3256 1132 3313 posse
1147 3238 1243 3314 credo,
1264 3235 1317 3315 qui

248 3337 373 3396 multum
395 3341 426 3397 et
446 3338 577 3414 graviter
599 3331 678 3398 virds
700 3342 801 3401 doctos
823 3339 947 3401 vexavit
973 3348 1003 3399 st
1025 3340 1182 3399 multarum
1204 3341 1317 3400 coniec-

249 3445 380 3500 turarum
410 3460 509 3500 ansam
539 3442 630 3506 dedit.
682 3443 708 3502 I.
732 3443 765 3502 T.
789 3448 850 3503 218
885 3435 1082 3521 αἱμόρραντον
1112 3437 1317 3523 δυσφόρμιγγα

248 3541 350 3614 ξείναν
372 3536 546 3620 αἱμόσοοοο’
569 3540 642 3604 ἄταν
656 3540 788 3623 βωμούς.
832 3546 921 3606 Multi
939 3548 1067 3607 editores
1089 3554 1140 3609 aut
1154 3547 1317 3607 Matthiaeo

249 3652 368 3706 auctore
389 3645 464 3726 βωμ.
488 3649 633 3725 glossema
655 3652 798 3711 habentes
820 3650 971 3711 eiecerunt
992 3656 1044 3711 aut
1065 3645 1138 3709 όταν
1158 3650 1319 3726 appositio-

251 3770 316 3809 nem
347 3771 411 3810 essc
441 3751 660 3828 iudicaverunt,
694 3755 772 3834 quod
802 3760 926 3832 propter
954 3735 1113 3815 verborum
1142 3754 1319 3830 positionem

249 3853 316 3912 fieri
337 3853 449 3933 nequit.
495 3855 617 3916 Obiecto
640 3849 762 3934 βωμούς
783 3860 907 3917 verbnm
930 3854 991 3935 αῑμ.
1015 3875 1114 3917 carcre
1139 3875 1200 3917 non
1222 3859 1320 3934 potest
1400 3927 1402 3932 Ι

249 3957 382 4036 mihique
411 3957 665 4033 persuasissimum
694 3965 753 4032 est,
787 3959 945 4020 dictionem
974 3959 1056 4018 illam
1079 3956 1139 4035 αῑμ.
1163 3951 1206 4018 dc.
1231 3961 1318 4039 βαμ,

249 4066 283 4121 ut
315 4080 434 4136 gravem
468 4061 669 4137 soloecismum
703 4064 885 4137 damnatam,
922 4062 993 4122 farri
1024 4081 1110 4139 posse
1142 4080 1318 4139 sensumque

251 4183 331 4224 esse:
363 4163 531 4224 Besudclnd
554 4165 601 4224 dic
623 4165 726 4225 Althre
751 4165 806 4225 mit
835 4165 930 4225 einem
961 4183 1029 4225 vom
1050 4162 1121 4224 Blut
1141 4163 1320 4240 triofenden,

252 4267 404 4348 traurigen
426 4268 598 4328 Venderben
620 4266 731 4347 (Mord>
753 4269 805 4326 der
826 4267 981 4329 Frsmden.
