3222 4936
691 491 903 556 ..71-

262 683 349 725 causa
370 682 465 742 poena
481 662 653 741 imponitur,
676 665 727 724 sed
743 664 809 741 ipsa
830 682 926 740 poena
947 665 1000 723 est.
1024 697 1065 706 —
1085 661 1232 739 Analogia
1250 661 1335 723 verbi

261 769 456 846 τιμωρεῖσθαι
485 787 551 826 eum
581 768 694 826 duobus
723 787 781 827 acc.
812 771 903 826 trans.
934 765 1116 826 construitur
1144 760 1335 844 μετέρχεσθαι

262 888 350 930 sensu
379 869 581 947 metaphorice
617 869 780 929 ulciscendi
810 869 851 948 (v.
882 889 912 946 p.
936 871 989 949 61)
1020 868 1069 928 Or.
1094 873 1153 928 415
1188 860 1229 938 aig
1261 859 1333 944 ταχό

261 964 412 1050 μετῆλθόν
441 964 466 1031 σ’
488 962 562 1049 αἷμα
592 967 717 1051 μητέρος
751 971 828 1030 θεαί.
872 971 918 1030 De
948 970 1034 1030 furiis
1066 969 1175 1030 dicitur
1200 970 1334 1030 Orestem

260 1080 385 1153 propter
405 1075 507 1135 matris
537 1077 654 1134 caedem
675 1074 932 1154 persequentibus.
977 1073 1049 1134 Oum
1077 1093 1137 1134 acc.
1159 1071 1334 1134 immanenti

260 1177 371 1254 legitur
392 1178 443 1248 aa.
466 1182 528 1238 338
551 1179 604 1254 τῆς
633 1179 686 1254 σῆς
717 1169 821 1246 όνοίας
848 1170 934 1236 τόνδε
965 1169 1017 1236 τόν
1033 1171 1227 1244 ,διδάσκαλον
1249 1172 1334 1250 δίκην

261 1275 379 1357 μέτειμι.
412 1285 472 1340 506
492 1274 582 1339 τῶνδ’
601 1272 703 1338 όποιν’
722 1271 915 1357 ὑβρισμάτων
931 1271 1081 1348 Διόνυσος
1103 1273 1210 1355 μίτεισί
1232 1294 1270 1336 σε.
1290 1313 1333 1321 -

261 1384 335 1444 Ηοο.
361 1389 420 1444 638
446 1379 553 1463 ἐκρίθη
576 1375 607 1443 δ’
630 1380 705 1462 ἔρις,
729 1376 767 1442 ἃν
796 1374 909 1465 labbe
930 1381 1023 1461 κρίνει
1044 1376 1164 1461 τρισσός
1194 1373 1335 1460 μακάρων

260 1484 370 1557 παῖδας
399 1479 478 1566 ιἰνηρ
510 1479 630 1564 βοότας.
676 1482 738 1565 ίριν
767 1507 813 1566 κρ.
847 1477 912 1544 τινό
943 1483 1049 1544 similis
1079 1484 1259 1545 constructio
1288 1488 1334 1556 est

259 1593 349 1672 atquc
371 1583 465 1666 φόνον
487 1610 587 1669 τιμαρ.
605 1580 681 1649 τινό.
701 1623 744 1633 -
763 1590 801 1648 Ιιι
824 1587 988 1648 statuendis
1006 1587 1191 1660 accusativis,
1213 1588 1336 1663 ephra*

258 1693 340 1752 sibus
367 1692 460 1770 aptis,
492 1692 681 1752 Hermannus
711 1691 862 1751 interdum
894 1690 1016 1750 nimium
1037 1709 1210 1768 progressus
1237 1689 1333 1768 ipsius

258 1795 397 1856 lectionis
418 1795 631 1856 mutationibus
658 1794 745 1854 factis
775 1813 825 1854 eos
847 1798 952 1870 poetae
973 1793 1110 1868 ingerere
1132 1797 1255 1853 conatus
1278 1798 1331 1853 est.

260 1897 328 1957 Tro.
355 1902 413 1956 123
443 1899 561 1980 πρῷραι
593 1899 674 1958 ναόν
706 1890 810 1958 einaim
831 1890 932 1959 Ἴλιον
961 1887 1044 1976 tepula
1073 1895 1106 1955 αἳ
1133 1890 1260 1970 κόποις,
1291 1931 1333 1942 -

260 2004 399 2080 quattuor
421 2020 524 2061 vorsus
546 2035 587 2046 -
610 1999 767 2079 βαίνουσαι
800 1989 928 2060 πλεκτόν
951 1992 1108 2078 Αἰγύπτου
1130 1998 1267 2060 παιδείαν
1289 1996 1333 2072 ἒξ·

258 2095 432 2182 ηρτήσασθ’,
456 2094 490 2162 αδ
509 2094 543 2163 αδ
559 2102 667 2183 Τροίας
692 2100 723 2164 ἒν
741 2096 875 2174 κόλποις.
918 2103 1023 2164 Herm.
1038 2100 1196 2179 βαίνουσαι
1211 2103 1331 2164 aliunde

258 2205 404 2267 adiectum
426 2227 490 2267 esse
512 2206 586 2267 dicit
607 2212 732 2267 metrum
754 2209 868 2282 docere,
891 2211 921 2267 et
939 2205 1121 2284 Euripidem,
1145 2226 1211 2265 cum
1234 2205 1331 2266 dicere

258 2308 359 2385 vellet,
382 2308 416 2368 αἳ
438 2307 531 2387 ἔβητε,
554 2309 688 2388 posuisse
703 2310 870 2370 uberiorem
893 2309 938 2368 rei
955 2308 1184 2386 dosoriptionem
1206 2301 1334 2368 πλεκτὰν

257 2410 340 2472 παιδ.
364 2407 414 2484 ἐξ,
439 2433 526 2492 quam
545 2413 794 2474 constructionem
812 2412 1006 2489 interpretem
1028 2431 1088 2471 non
1103 2411 1331 2489 perspicientem

258 2514 407 2576 addidisse
420 2513 588 2593 βαίνουσαι.
633 2515 699 2579 Qua
720 2515 803 2576 inre
824 2515 899 2576 mihi
921 2535 982 2575 non
1003 2515 1159 2592 persuasit.
1205 2518 1249 2573 Ao
1270 2514 1333 2591 pri-

256 2638 337 2677 mum
359 2619 488 2698 quidem,
511 2638 655 2699 quaenam
677 2618 764 2678 metri
778 2617 940 2678 difficultas
962 2617 1009 2691 sit,
1032 2638 1093 2678 non
1115 2617 1212 2678 video.
1255 2617 1331 2676 Nam

257 2725 361 2781 cantus
380 2721 432 2780 ille
446 2720 581 2798 lugubris
596 2721 738 2781 Hecubae
760 2740 820 2782 non
842 2719 875 2779 in
897 2723 1049 2797 stropham
1071 2725 1102 2780 et
1115 2719 1331 2798 antistropham

230 2861 232 2866 -
257 2822 370 2884 divisus
392 2829 445 2898 est,
468 2831 502 2884 ut
523 2826 617 2884 altera
638 2824 760 2884 alterius
782 2829 907 2884 metrum
928 2824 1075 2900 corrigere
1097 2822 1207 2900 possit;
1230 2843 1331 2883 cumu-

233 2913 396 2987 'lationem
426 2932 524 3002 antem
553 2927 732 3006 syllabarum
761 2928 987 3004 productorum,
1019 2927 1052 2985 in
1083 2945 1142 3005 qua
1164 2925 1263 2986 nescio
1293 2946 1331 2986 an

256 3029 424 3103 offenderit,
454 3049 513 3090 non
543 3030 695 3090 molestam
724 3050 822 3110 neque
844 3029 1068 3106 improbandam
1090 3049 1170 3102 esse,
1200 3027 1331 3106 proximi

256 3153 362 3196 versus
384 3134 500 3206 docent,
524 3132 576 3211 qui
598 3133 700 3192 eodem
716 3137 811 3192 metro
826 3131 981 3192 constituti
1003 3136 1082 3192 sunt.
1126 3131 1242 3193 Deinde
1264 3151 1331 3192 vcr-

255 3236 302 3296 bis
324 3237 422 3298 πλεκτ.
443 3232 526 3295 παιδ.
551 3231 587 3306 ἐξ.
610 3240 679 3294 utut
692 3239 852 3298 vertuntur
874 3254 933 3294 non
955 3236 1044 3295 talem
1060 3235 1211 3296 notionem
1232 3234 1331 3295 inesse

187 3343 189 3347 '
257 3340 353 3412 credo,
374 3358 451 3419 quae
466 3337 669 3399 accusativum
682 3338 821 3415 postulet,
844 3359 911 3398 oum
931 3357 994 3398 non
1015 3342 1121 3414 motus,
1142 3337 1232 3398 immo
1248 3337 1331 3418 quie·

256 3441 296 3502 tis
326 3446 435 3502 statum
466 3440 651 3513 contineant,
683 3446 718 3500 ut
734 3440 838 3518 ¹potius
860 3440 979 3502 dativus
1009 3441 1059 3501 vel
1086 3437 1330 3502 tvdesideretnr.

259 3543 378 3622 Optime
409 3548 507 3604 autem
528 3544 676 3604 sententia
699 3544 872 3621 expeditur,
899 3544 925 3604 si
947 3543 1169 3620 coniunguntur
1186 3535 1240 3602 Ἴλ.
1264 3541 1330 3620 βαί-

257 3664 363 3707 νουσαι
386 3651 417 3707 et
438 3648 483 3705 πλ.
506 3644 576 3726 Αίγ.
599 3644 680 3705 παίδ.
705 3647 816 3726 (tunes)
840 3643 917 3726 ἐξηρ.
941 3644 972 3706 ἐν
1000 3648 1049 3726 Τρ.
1071 3640 1201 3716 κόλποις.

341 3751 454 3811 Eodem
475 3751 531 3810 hoc
554 3749 683 3828 duplicis
705 3750 867 3811 accusativi
889 3770 944 3811 usu
968 3769 1077 3826 genera
1098 3750 1241 3828 quaedam
1263 3769 1329 3810 ver·

255 3855 359 3914 borum
389 3853 541 3927 nituntur,
574 3873 650 3933 quae
679 3853 746 3931 ipsa
767 3854 967 3915 accusativum
998 3858 1028 3912 et
1053 3870 1196 3930 personae
1226 3856 1256 3912 et
1283 3852 1328 3910 rei

257 3977 356 4018 secum
377 3957 489 4018 habent
510 3957 561 4034 ita,
584 3961 618 4017 ut
639 3958 690 4017 hic
711 3957 872 4034 genuinum
894 3958 980 4019 verbi
1002 3956 1158 4028 obiectum,
1187 3955 1239 4016 ille
1261 3977 1328 4034 per-

256 4082 359 4123 sonam
380 4060 540 4136 contineat,
565 4063 603 4120 ad
625 4080 713 4139 quam
734 4061 936 4138 praedicativa
957 4060 1043 4122 verbi
1065 4065 1095 4120 et
1115 4057 1223 4119 obiecti
1245 4058 1327 4119 notio

256 4171 379 4244 spectat.
423 4163 581 4242 Aptissima
603 4168 701 4224 autem
717 4163 916 4224 accusativum
937 4162 983 4225 rei
1005 4183 1070 4224 cum
1092 4165 1183 4225 verbo
1205 4161 1327 4222 coniun-

258 4273 336 4329 ctum
358 4288 423 4330 esse
445 4274 477 4330 et
497 4287 592 4346 paone
614 4266 749 4328 adverbii
771 4267 836 4327 loco
866 4287 954 4328 unam
976 4267 1127 4328 notionem
1148 4285 1213 4326 cum
1235 4267 1327 4326 verbo
1357 4265 1359 4273 ⁴
