3222 4936
689 527 901 594 ,73-

155 694 157 706 '
259 696 377 780 λέχους,
411 703 490 782 quod
512 701 633 797 plurimi
656 705 848 778 receperunt,
883 721 947 760 cum
970 685 1173 761 Kirchhosfius
1195 699 1331 759 meliores

259 804 350 864 libros
372 809 490 865 secutus
511 799 607 879 λέχος,
642 803 694 883 qui
717 809 762 863 est
790 823 850 865 acc.
872 803 1132 877 inusitatissimus,
1159 801 1331 877 retinuerit,

260 907 293 966 in
321 900 425 984 ολπηλλ.
455 907 562 968 vitium
591 907 688 966 inesse
718 907 818 966 nescio
850 927 908 986 quo
938 907 1003 966 iure
1033 906 1142 966 dicens.
1170 940 1211 949 -
1240 906 1332 964 συλᾶν

260 1002 326 1069 τινύ
347 1031 382 1068 τι.
427 1010 496 1071 Hel.
515 1009 576 1069 974
600 1004 650 1085 ἐμὲ
672 1012 806 1088 γυναῖκα.
850 1009 876 1070 Ι.
901 1009 935 1068 Τ.
961 1014 1028 1069 156.
1073 1008 1154 1068 Pass.
1178 1008 1245 1068 Tro.
1270 1010 1329 1066 793

261 1106 420 1189 συλοίμεθα
449 1106 502 1189 την
524 1107 633 1189 ψυχήν.
668 1113 694 1171 Ι.
712 1116 747 1171 Α.
769 1111 859 1172 1277.
883 1141 921 1156 -—
947 1112 1009 1171 Alc.
1028 1117 1087 1171 883
1111 1114 1194 1170 τοῖον
1216 1102 1332 1188 ὅμηρόν

262 1207 291 1292 μ’
313 1209 513 1292 ἆποσυλήσας.
537 1248 578 1258 -
600 1213 670 1274 Hel.
692 1214 754 1274 476
777 1206 815 1274 ού
844 1213 872 1273 τί
900 1235 960 1272 που
981 1206 1135 1298 λελῄσμεθ’
1164 1211 1194 1286 ἐξ
1215 1206 1332 1292 ἄντρων

261 1314 350 1394 λέχος.
373 1351 415 1363 -
438 1320 512 1379 Ηοο.
532 1317 612 1378 1007
639 1310 741 1388 δαίσεις
763 1316 865 1394 δίκην·
889 1310 1027 1393 τἰλίμενόν
1048 1338 1092 1386 τις
1114 1307 1155 1386 oie
1177 1313 1208 1386 ἐς
1230 1308 1333 1375 δι’ντλον

264 1414 363 1480 arceio
393 1415 506 1499 λέχριος
536 1417 645 1503 ἐκπεοῇ
675 1417 764 1493 φίλας
793 1417 935 1498 καρδίας,
969 1411 1098 1499 α’μέρσας
1128 1417 1204 1498 βίον.
1250 1417 1334 1482 Quae

261 1525 353 1583 verba
376 1543 441 1582 mea
463 1523 609 1582 sententia
632 1522 708 1581 nihil
731 1522 811 1582 aliud
834 1521 1001 1597 significare
1016 1527 1141 1602 possunt
1163 1521 1235 1582 nisi:
1258 1521 1334 1580 sieut

263 1625 330 1704 quis
352 1625 385 1685 in
406 1645 486 1686 mare
501 1627 604 1703 procul
619 1646 635 1685 a
651 1630 739 1702 portu
753 1624 876 1702 illapsus
898 1625 961 1684 vita
983 1645 1049 1684 cara
1067 1624 1242 1702 privaberis,
1264 1624 1335 1703 quia

178 1743 179 1748 ’
260 1728 353 1788 vitam
382 1728 517 1805 rapuisti.
561 1728 752 1786 Hermannus
781 1724 891 1812 ἐκπέση
920 1727 1063 1796 activum,
1079 1727 1210 1786 scribens
1240 1726 1333 1785 inter-

260 1837 410 1908 pretatur:
444 1830 521 1890 siont
545 1831 597 1910 qui
619 1830 746 1890 animem
768 1830 882 1904 emisit,
915 1829 1008 1890 vitam
1030 1849 1065 1889 ea
1085 1829 1334 1909 privans,'quae

264 1933 425 2008 tautologia
441 1932 646 1992 molestissima
669 1937 714 1992 est
735 1951 832 2012 neque
852 1931 964 1993 lenitur
986 1933 1142 1993 subaudito
1165 1926 1258 2009 αύτῆς
1280 1931 1332 1991 sol.

262 2034 394 2114 καρδίας.
439 2036 486 2094 Ad
510 2025 638 2114 οἷμέρσας
659 2032 726 2110 βίον
757 2039 855 2095 eutem
878 2027 969 2094 αύτόν
990 2036 1041 2095 sol.
1063 2036 1242 2114 Polydorum
1264 2054 1333 2113 sup·

263 2140 346 2215 plere
377 2156 495 2197 necesse
526 2155 586 2195 non
617 2141 676 2209 est,
713 2138 763 2195 sed
794 2140 885 2197 verba
913 2137 1045 2198 absolute
1076 2137 1171 2216 accipi
1200 2141 1332 2214 possunt,

264 2240 336 2319 quia
358 2238 546 2312 interfecisti,
567 2244 601 2298 ut
621 2235 741 2298 uberius
764 2243 794 2298 et
816 2239 951 2298 sollemni
974 2243 1098 2319 quedam
1120 2240 1152 2300 vi
1174 2240 1253 2300 dicta
1275 2239 1337 2299 sint

265 2361 319 2419 pro
341 2334 466 2401 κτανοέν.
510 2340 585 2401 Nam
607 2339 730 2401 κτείνειν
753 2361 871 2421 quoque
893 2342 957 2401 sine
980 2343 1094 2403 obiecto
1116 2342 1244 2403 occurrit
1258 2342 1332 2402 Hec.

265 2445 325 2505 778
357 2436 453 2524 τυχοίν
475 2438 505 2503 δ’
540 2437 620 2503 δ’σων
649 2441 697 2503 δεῖ
724 2440 838 2503 ἐκτειυε.
883 2446 908 2505 Ι.
931 2449 966 2508 Α.
990 2451 1051 2504 946
1083 2443 1164 2526 είπερ
1195 2437 1335 2522 φονεύσει

262 2540 374 2626 τούμδν
396 2540 492 2624 ὄνομα
515 2547 557 2629 σῷ
579 2539 672 2606 πύσει.
718 2549 774 2607 Ion
800 2551 890 2607 1021.

346 2651 510 2710 Verborum
538 2651 678 2728 privandi
706 2651 841 2727 analogia
872 2651 983 2712 dictum
1016 2656 1061 2712 est
1082 2653 1155 2712 Hec.
1180 2657 1240 2710 893
1273 2644 1332 2711 ιἰπδ

264 2749 295 2813 δὲ
317 2747 466 2828 στεφάναν
487 2749 628 2830 κέκασσαι
651 2747 774 2834 πύργων
797 2773 904 2814 corona
919 2755 1045 2815 turrium
1066 2755 1122 2815 tibi
1138 2756 1260 2815 detonsa
1281 2760 1334 2814 est.

350 2856 476 2916 Verba
497 2857 706 2930 induendi,
730 2857 908 2917 exuendi.
953 2859 1004 2917 Ba.
1022 2857 1082 2916 817
1106 2851 1163 2936 ἔχω’
1187 2859 1333 2932 στελοῖσε,

263 2958 329 3019 τίνα
358 2952 463 3035 στολήν
471 2980 481 3031 ,·
510 2993 552 3003 -
578 2959 647 3020 Hel.
673 2963 755 3018 1384
785 2951 848 3038 ολχύ
870 2980 917 3018 νιν
949 2953 1103 3036 ἐξήσκησα.
1131 2993 1173 3004 -
1203 2959 1248 3020 ΕΙ.
1273 2961 1332 3021 317

266 3044 357 3122 Ἰδαῖα
391 3054 474 3141 φύρη
505 3051 678 3142 ἐζευγμέναι.
701 3097 743 3106 -
765 3063 831 3122 Tro.
854 3067 915 3122 499
938 3056 1069 3141 τρυχηρολ
1097 3059 1163 3142 περί
1189 3057 1335 3142 τρυχηρὸν

265 3161 365 3243 είμένη
379 3157 452 3242 χρόα
475 3160 596 3224 πέπλων
610 3163 781 3242 λακίσματα.
802 3199 845 3209 -
867 3167 892 3225 Ι.
907 3168 945 3226 A.
965 3165 1044 3225 1070
1067 3158 1166 3224 ὅπλων
1188 3170 1336 3245 κεκορυθ-

264 3264 353 3344 μένος
375 3265 490 3328 ένδυτα.
513 3302 554 3312 -
577 3269 654 3326 And.
681 3271 739 3326 110
761 3267 832 3326 libb.
862 3261 1045 3327 δουλοσύναν
1073 3261 1216 3348 στυγερολν
1244 3261 1335 3346 ἄμφι-

263 3369 394 3448 βαλοῦσα
424 3365 518 3451 κέρα,
551 3371 612 3430 1ουὶ
635 3371 804 3431 coniectore
825 3371 963 3432 usitatam
986 3373 1235 3433 constructionem
1257 3366 1335 3456 κύρμ

264 3479 343 3534 recte
365 3475 532 3536 restitutam
556 3493 618 3533 esse
641 3476 736 3535 credo.
775 3474 816 3533 of.
840 3474 879 3533 H.
895 3475 916 3533 f.
934 3478 1004 3535 463.
1026 3507 1069 3518 -
1090 3475 1161 3552 Sap.
1178 3477 1238 3536 719
1258 3468 1336 3553 δμοῦ

263 3573 424 3659 τραχήλους
447 3571 655 3655 κάπικείμενον
676 3571 754 3657 κύρα
776 3573 884 3648 κυνέας
905 3577 1030 3657 θερίζων
1051 3579 1080 3636 h.
1096 3599 1121 3640 e.
1143 3584 1233 3656 capnt
1251 3580 1335 3654 galea

265 3674 411 3742 indutum.
454 3681 531 3742 Usus
553 3686 599 3740 est
620 3686 708 3760 poeta
730 3681 875 3756 dictione,
905 3701 993 3762 quam
1016 3686 1111 3742 aetate
1133 3702 1186 3741 sua
1206 3682 1335 3743 insolen-

265 3792 325 3848 tem
347 3803 442 3863 paene
465 3790 495 3844 et
516 3784 689 3845 inusitatam
710 3784 889 3856 recentiores
911 3787 1028 3846 demum
1050 3784 1221 3862 scriptores,
1252 3786 1336 3847 velut

263 3889 448 3963 Plutarchus,
471 3889 635 3966 Appianas,
658 3889 806 3949 Lucienus
827 3888 985 3950 restituere
1006 3889 1070 3948 ensi
1092 3893 1176 3964 sunt,
1205 3891 1243 3950 cf.
1264 3891 1335 3951 Luc.

264 3995 300 4054 de
323 4013 423 4071 gymu.
447 3998 486 4050 23
518 3988 664 4075 τραγῳδοὶ
695 3989 872 4070 ἐπικείμενοι
899 3986 994 4072 κράνη
1024 3996 1055 4052 ολ
1084 3993 1120 4052 de
1150 3991 1249 4068 navig.
1273 3998 1290 4052 5
1314 3984 1335 4070 ἦ

263 4090 385 4178 πρύμνα
407 4097 537 4175 χρυσοῦν
559 4095 697 4172 χηνίσκον
728 4093 906 4174 ἐπικειμένη.
950 4097 1030 4156 Plut.
1052 4097 1143 4155 Marc.
1168 4102 1208 4155 22
1232 4093 1335 4175 μυρῤί-

263 4221 317 4279 νης
338 4196 484 4274 στέφανον
507 4196 697 4275 ἐπικείμενος.

347 4306 399 4367 Ba.
423 4303 482 4363 597
506 4305 660 4383 θαρσεῖτε,
693 4295 806 4383 σύρκτις
837 4299 1032 4379 ἐξαμείψασαι
1059 4289 1202 4381 τρόμου.Ι
1225 4299 1334 4365 Quam-
