3222 4936
543 416 882 548 'fei—-

243 620 294 680 hio
322 621 516 683 desideretur.
560 625 595 682 In
621 624 791 700 pleonasmo
825 617 923 701 φόρος
953 620 1073 682 πέπλων
1095 625 1221 685 offensio
1252 645 1313 685 non

244 728 297 798 est,
326 726 363 785 of.
387 731 448 784 662
472 727 547 797 ζωᾶς
568 719 664 802 βιοτοί.
709 731 770 786 369
794 719 921 803 όίρουρατ
943 725 1064 787 πεδίων.

329 828 513 888 Liberrimus
541 829 631 889 huius
661 849 720 889 eoo.
744 848 814 888 usus
837 834 898 902 est,
931 847 988 909 quo
1011 830 1068 908 ipsi
1091 831 1243 905 homines,
1277 832 1314 890 ed

246 949 318 1008 quos
340 937 484 991 venturus
507 953 552 1006 es,
583 933 721 1008 neglectu
740 932 960 1011 praepositione
984 933 1158 993 offeruntur.
1204 935 1314 993 Omnes

245 1037 343 1092 eutem
365 1034 524 1111 scriptores
557 1036 635 1095 huno
656 1035 825 1095 libertatem
854 1036 1076 1110 angustioribus
1098 1037 1234 1096 terminis
1257 1037 1314 1097 oir-

245 1137 503 1214 oumsoripserunt
547 1140 635 1215 Apud
664 1138 827 1198 Homerum
857 1135 991 1213 ίκνίομαι
1020 1139 1123 1198 trioies
1146 1139 1314 1218 quinquies,

245 1221 347 1296 ίκόνω
367 1245 397 1298 et
425 1237 481 1299 ίκω
503 1241 596 1302 vioies
619 1241 732 1314 sexies,
767 1235 829 1298 ὁόω
861 1241 958 1300 sexies
989 1260 1055 1300 oum
1085 1260 1146 1301 eoo.
1168 1261 1314 1319 personas

244 1342 403 1402 ooniunotu
424 1349 502 1418 sunt,
526 1364 591 1404 oum
607 1351 705 1404 oetsru
728 1346 820 1405 verbu
840 1345 884 1404 ite
906 1365 966 1404 non
983 1350 1204 1404 construantur.
1241 1346 1313 1403 Tre·

244 1445 376 1520 gioorum
398 1447 557 1524 Euripides
591 1448 697 1507 oeteris
718 1448 798 1506 heud
821 1448 929 1522 exiguo
963 1448 1166 1524 exemplorum
1189 1467 1313 1506 numero

243 1549 335 1608 multo
367 1554 506 1627 praestet.
552 1551 639 1628 Apud
670 1551 851 1628 Aesohylum
883 1550 961 1610 enim
992 1555 1023 1609 et
1043 1550 1219 1628 Sophoclem
1242 1550 1314 1609 bine

243 1652 380 1730 exemplo
416 1655 614 1730 reperiuntur.
666 1654 774 1716 Aesoh.
805 1653 904 1713 Prom.
936 1653 995 1712 709
1039 1646 1167 1721 Σκύθας
1204 1644 1329 1724 ἀφίξει.-

242 1755 312 1833 Sup.
331 1755 390 1815 157
415 1749 466 1815 τόν
488 1750 583 1836 μόνον,
607 1749 658 1815 τόν
680 1749 918 1826 πολυξενώτατον
944 1754 1026 1830 Ζῆνα
1048 1749 1202 1830 ίξόμεσθα.
1230 1756 1313 1813 Pers.

243 1864 304 1918 216
345 1853 438 1928 θεοός
468 1863 669 1938 προστροπαῖς
701 1855 878 1935 ἱκνουμένη,
920 1877 1007 1938 quem
1036 1859 1135 1918 looum
1165 1858 1314 1917 Esoherus

244 1979 274 2036 p.
301 1965 357 2020 139
380 1963 440 2022 huo
462 1963 556 2022 trehit
563 2009 571 2037 ,
594 1963 753 2024 transitive
773 1963 896 2022 notione
918 1962 1097 2040 implorandi
1119 1962 1243 2021 verbum
1266 1960 1313 2018 in·

246 2061 356 2136 telligo.
378 2097 419 2108 -
441 2066 531 2141 Soph.
548 2065 626 2125 Phil.
647 2069 701 2124 141
728 2060 760 2124 σὲ
781 2057 841 2123 ro'd’
864 2059 990 2139 ἐλήλυθε
1011 2066 1072 2122 πᾶν
1088 2055 1204 2142 κρότος.
1250 2066 1309 2120 601

245 2162 289 2232 τίς
321 2156 339 2223 ό
365 2161 464 2237 πόθος
495 2160 606 2237 αὐτοός
636 2165 727 2228 ἵκετο.
748 2203 791 2211 -
813 2169 901 2244 Apud
922 2167 1097 2245 Euripidem
1128 2166 1188 2241 legi
1221 2166 1309 2225 heeo:

245 2268 314 2346 Hip.
339 2271 398 2328 766
425 2261 486 2346 siqui
517 2269 622 2347 βαρεῖα
644 2263 824 2349 προσπόλων
847 2263 875 2346 μ’
898 2262 1029 2343 ἄφίκετο.
1073 2269 1141 2328 Hel.
1166 2262 1310 2327 696Ἕλ-

244 2371 331 2446 ληνας
353 2366 437 2446 όφικ.
481 2376 533 2435 Bo.
560 2379 638 2435 1343
663 2367 844 2452 βαρβάρους.
889 2375 958 2452 Sup.
974 2378 1036 2433 254
1060 2373 1163 2432 Oratio
1181 2371 1309 2444 Adrasti,

244 2474 289 2532 oui
313 2475 445 2536 Theseus
467 2477 577 2536 bellum
600 2485 705 2537 oontre
727 2478 846 2537 Thebes
868 2481 1035 2555 suseeptum
1058 2476 1234 2553 exprobret,
1265 2473 1312 2532 in-

242 2578 330 2655 eipit:
365 2570 423 2636 tu'
446 2571 485 2649 οός
515 2574 618 2659 ἰατρόν
639 2574 740 2652 τόνδ’,
776 2573 867 2652 όίναξ,
899 2575 1069 2659 ἀφίγμεθα,
1097 2571 1180 2636 ositos
1210 2576 1310 2635 δικασ-

241 2675 295 2756 τὴν
326 2676 446 2758 εἱλόμην
476 2680 553 2760 ἐμῶν
584 2684 693 2743 κακῶν.
739 2683 833 2748 Quem
855 2704 994 2745 versuum
1025 2681 1158 2743 ordinem
1181 2681 1207 2739 si
1228 2686 1310 2738 tene·

242 2804 322 2858 mus,
356 2780 384 2842 ε’
411 2778 515 2864 όφίγμ.
547 2788 734 2848 seribendum
764 2807 828 2846 esse
850 2788 1041 2847 Hermennus
1062 2785 1227 2846 rectissime
1248 2802 1310 2843 mo-

242 2889 317 2948 nuit.
360 2889 486 2949 Initium
516 2897 614 2950 eutem
647 2891 791 2950 orationis
823 2890 987 2950 oleudioere
1017 2908 1104 2948 nemo
1127 2908 1186 2947 non
1209 2886 1309 2946 sentit.

242 2991 393 3052 Neuekius
409 2993 501 3053 nimiu
521 2994 689 3054 temeritate
710 3014 782 3053 usus
804 3014 923 3053 versum
944 2992 1074 3071 priorem
1098 2991 1185 3050 delet.
1229 2991 1310 3048 Bene

244 3095 343 3155 omnio
363 3098 538 3174 procedunt,
569 3098 595 3156 si
616 3096 766 3172 Soeligero
789 3103 910 3156 auotore
932 3115 1035 3156 versus
1058 3094 1138 3153 inter
1160 3114 1191 3152 se
1213 3098 1310 3151 trans·

241 3204 395 3275 ponuntur
425 3206 455 3260 et
483 3206 535 3260 eut
564 3204 633 3278 post
661 3191 803 3274 δικαστήν
832 3205 884 3258 eut
915 3203 983 3277 post
1013 3194 1063 3258 είλ.
1096 3193 1128 3255 σε’
1158 3196 1309 3257 inseritur.

241 3335 282 3346 ·-
305 3303 351 3362 ul.
375 3306 445 3376 915,
471 3303 549 3361 1277
574 3295 671 3361 ἐλθόν
695 3296 827 3381 Φρύγας.
871 3303 940 3380 Sup.
967 3306 1027 3364 639
1051 3293 1147 3379 ίρημό
1165 3292 1190 3358 o’
1212 3291 1231 3356 ό
1256 3319 1309 3358 πο-

242 3398 384 3474 λύστονος
408 3400 557 3465 Οἰδιπόδα
580 3400 702 3482 δείματα
730 3397 846 3465 λιποῦο’
875 3394 946 3482 ἦλθ’
972 3399 1100 3482 Ἐρινύς.
1144 3406 1225 3465 H.-f.
1249 3409 1309 3462 394

241 3497 400 3587 όμνφόοός
429 3529 459 3568 τε
487 3502 579 3586 κόρας
608 3499 721 3585 ἤλυθεν
741 3499 922 3587 Ἑσπερίδων
952 3505 981 3577 ἐς
1012 3501 1113 3566 αόλόν.
1158 3507 1309 3567 Neuokius

243 3611 307 3670 sine
328 3612 388 3671 ulle
417 3631 505 3672 oense
533 3617 627 3672 mutet
658 3604 806 3694 όμνμτλων
834 3613 938 3690 κορᾶν.
982 3613 1192 3672 Aeousetirum
1214 3629 1310 3688 neque

243 3732 296 3790 per
326 3734 357 3773 se
387 3734 483 3795 neque
518 3721 642 3794 propter
672 3721 844 3796 sequentem
880 3714 1129 3793 praepositionem
1168 3713 1310 3785 languere

243 3817 379 3895 exemplo
400 3817 489 3877 ellute
502 3820 616 3879 dooent.
648 3819 691 3878 uf.
704 3819 772 3879 Hel.
785 3825 845 3878 613
869 3810 968 3895 πατέρ’
991 3814 1020 3885 ἐς
1042 3809 1173 3893 οὐρανόν
1196 3807 1308 3888 όπεεμκ,

242 3920 294 3978 ubi
323 3920 402 3979 idem
423 3921 574 3981 Neuokius
603 3922 636 3980 iu
670 3922 839 3984 eoousotiro
869 3921 1022 3981 offendens
1052 3913 1140 3976 πόλιν
1179 3917 1310 3977 seriben-

242 4023 312 4082 dum
334 4044 398 4083 esse
419 4029 531 4084 temere
545 4029 639 4101 putet
663 4059 704 4068 —
726 4025 797 4103 Hip.
817 4029 896 4083 1362
921 4017 1014 4084 όόόνα
1037 4041 1071 4097 με
1093 4019 1196 4097 βαίνει.
1233 4021 1309 4081 And.

243 4130 304 4185 286
328 4123 400 4202 ίβαν
421 4122 452 4186 δὲ
477 4125 656 4206 Πριαμίόαν.
680 4161 722 4170 -
744 4129 794 4186 Βε.
821 4127 879 4186 837
903 4121 965 4204 ἥξει
988 4121 1020 4185 dd
1040 4119 1159 4202 βάκχας.
1176 4157 1218 4167 -—
1239 4121 1308 4185 Hel.

243 4234 303 4292 245
325 4222 459 4289 Ἀθόναν
481 4223 610 4308 μόλοιμι.
632 4264 675 4275 -
696 4230 772 4291 Rhe.
795 4234 854 4288 558
877 4225 953 4308 κάμὲ
974 4227 1027 4290 ἔτλα
1050 4222 1155 4308 φόβος.
