3222 4936
735 476 946 542 ..45-

305 651 428 714 nivosos
450 651 543 712 saltus
566 671 634 711 suos
648 651 766 711 venisse
788 651 892 729 ibique
907 652 961 710 sub
984 651 1107 726 rupibus
1130 669 1262 711 maerore
1284 670 1380 711 merse

305 774 368 814 esse
406 755 522 814 dieitur.
560 751 654 831 ῥίπτει
692 753 911 813 intransitivum
940 753 1001 813 vim
1031 753 1135 826 habet,
1168 773 1254 833 quam
1285 756 1376 815 verbo

306 856 404 916 inesse
437 876 524 934 posse
553 857 654 917 videns
683 856 748 917 Alo.
772 859 832 914 910
863 855 890 914 τί
919 849 944 931 μ’
978 849 1128 924 ἐκόλασας
1151 854 1239 932 ῥῖψαι
1262 850 1376 934 τύμβου

307 956 337 1028 ἐς
368 953 484 1036 τάφρον
512 958 621 1035 κοίλην.
667 959 734 1037 Oyo.
760 963 820 1017 164
852 954 944 1035 ῥίψας
974 954 1004 1028 ἐς
1034 952 1128 1035 ἅλμην
1156 952 1295 1029 λισσάδος
1325 955 1376 1018 τιέ-

303 1083 375 1139 τρας
398 1054 509 1142 duel).

389 1166 518 1224 Possunt
540 1183 657 1245 quoque
689 1165 764 1224 haee
792 1166 884 1225 verba
906 1184 972 1224 oum
995 1161 1036 1234 είς
1058 1172 1089 1224 et
1111 1185 1134 1227 o.
1157 1184 1217 1226 aoo.
1241 1167 1373 1226 construi

303 1270 355 1341 ita,
377 1274 412 1327 ut
432 1269 607 1347 plerumque
628 1267 850 1345 praepositione
871 1289 919 1328 res
941 1267 1127 1343 adiungatur,
1151 1274 1203 1328 ant
1218 1269 1375 1328 eonsilium

303 1376 334 1430 et
356 1372 462 1443 finem,
495 1390 582 1450 quem
615 1371 838 1450 persequimur,
870 1371 1027 1431 eontinens
1055 1378 1108 1431 aut
1136 1373 1228 1432 totius
1261 1373 1305 1432 rei
1327 1373 1375 1432 rel

302 1481 399 1533 terrae
429 1480 544 1552 partem
572 1473 667 1548 magis
699 1474 887 1533 efferendam.
931 1474 987 1534 Ion
1023 1475 1083 1533 713
1116 1478 1246 1551 θυραῖος
1277 1467 1375 1533 ἐλθόν

303 1568 416 1649 δόμους
445 1573 536 1654 μέγαν
569 1572 599 1645 ἐς
627 1569 724 1657 ὄλβον.
774 1577 801 1635 Ι.
825 1579 862 1636 A.
887 1577 946 1635 750
982 1570 1044 1652 ἥξει
1081 1568 1118 1653 dri
1148 1570 1295 1652 Σιμόεντα
1324 1573 1375 1635 καὶ

302 1677 387 1748 δίνας
409 1671 610 1757 όργυροειὸεῖς
625 1673 716 1738 Ἴλιον
738 1676 779 1748 είς
801 1672 833 1736 τό
861 1676 969 1757 Τροίας
1000 1679 1107 1752 „Quod
1129 1679 1210 1739 solus
1231 1679 1374 1738 aoouseti-

301 1802 356 1843 vus
378 1783 463 1842 fluvii
493 1782 620 1860 primum
644 1782 784 1860 ponitur,
815 1782 965 1856 signifieat
985 1788 1089 1859 poete,
1113 1801 1171 1861 quo
1193 1783 1374 1857 Argivorum

302 1885 454 1962 expeditio
477 1890 604 1945 ventura
626 1885 665 1943 sit
687 1885 823 1957 omnino,
854 1885 932 1964 quod
954 1890 1053 1943 autem
1075 1885 1215 1963 deinoeps
1238 1885 1374 1960 adiungi·

302 1988 383 2061 gitur
397 1978 449 2046 Ἴλ.
466 1983 506 2055 είς
523 1987 714 2061 significatur,
736 1988 769 2044 in
785 2006 858 2066 quos
874 2006 961 2062 agros
976 1993 1169 2064 penetratura
1184 1988 1249 2048 sit“.
1272 1988 1372 2048 Klotz.

302 2121 344 2132 —
366 2090 437 2166 Hip.
463 2095 501 2148 25
526 2083 652 2147 ἐλθόντα
675 2083 730 2167 γάρ
746 2111 793 2148 νιν
815 2091 929 2165 σεμνῶν
952 2087 982 2159 ἐς
1004 2081 1078 2164 όψιν
1106 2088 1155 2149 καλ
1177 2087 1243 2166 τέλη
1267 2107 1374 2166 μνστη·

304 2190 376 2269 ρίαν
407 2190 576 2260 Πανδίονος
603 2193 668 2270 γῆν.
696 2225 738 2236 -
767 2194 826 2251 971
859 2185 923 2269 μήτ’
951 2187 1088 2262 Ἀθάνας
1117 2186 1210 2276 μόλῃς
1240 2185 1305 2269 μήτ’
1333 2191 1375 2262 είς

305 2287 397 2371 όρους
420 2287 474 2363 οὕς
496 2315 539 2374 sq.
561 2295 628 2355 Hoo
649 2295 715 2354 looo
737 2295 939 2356 eoonsativum
961 2316 999 2357 ex
1021 2296 1157 2377 sequenti
1180 2292 1226 2365 εἰς
1244 2297 1373 2372 pendere

305 2398 402 2469 oredo,
426 2397 496 2476 quie
512 2394 552 2465 εἰς
570 2391 616 2476 όρ.
636 2418 696 2457 nou
712 2418 778 2457 oum
792 2389 857 2458 Ἀθ.
881 2400 1020 2459 oohaeret
1035 2404 1065 2458 et
1080 2399 1293 2459 eoouratiorem
1308 2398 1373 2459 eius

304 2501 508 2560 definitionem
529 2501 677 2574 eontinet,
710 2502 761 2560 sed
784 2502 821 2561 sd
844 2521 945 2561 omnes
967 2502 1042 2561 fines
1064 2504 1208 2579 pertinet,
1238 2521 1371 2582 quosne

302 2603 490 2678 ingredietur
511 2604 642 2663 Theseus
664 2603 830 2682 Hippolyto
853 2604 1015 2664 interdicit.
1053 2606 1165 2664 Eodem
1187 2607 1273 2665 modo
1286 2625 1371 2683 pree·

302 2705 411 2783 positio
440 2707 476 2765 ad
508 2707 566 2765 duo
596 2706 779 2767 aoousativos
808 2711 923 2783 speetat
945 2707 1012 2784 Cyo.
1038 2710 1098 2765 350
1122 2707 1294 2786 κρείσσονας
1315 2701 1370 2787 γόρ

299 2799 384 2866 Ἰλίου
417 2800 530 2877 πόνους
562 2802 690 2886 ἀφῖγμαι
725 2802 799 2866 edroi
835 2803 976 2868 κινδύνου
1005 2802 1117 2887 βάθρα.
1167 2811 1257 2871 Hune
1285 2831 1371 2870 usum

301 2913 378 2989 apud
407 2910 482 2971 eiios
504 2931 623 2991 quoque
646 2912 823 2990 scriptores,
852 2913 999 2989 imprimis
1020 2913 1232 2973 Oallimaohum
1254 2914 1371 2992 saepius

300 3014 479 3075 invenimus.
502 3046 542 3057 -
565 3014 604 3074 H.
627 3016 649 3074 f.
672 3016 733 3074 407
762 3007 814 3074 τόν
836 3006 859 3072 τ’
881 3008 1025 3074 ίττττεντόν
1047 3008 1070 3073 τ’
1087 3010 1259 3093 Ἀμαζόνων
1286 3033 1371 3096 στρα-

302 3110 353 3175 τόν
374 3151 416 3162 -
446 3115 500 3193 ἔβα
528 3151 569 3162 -
602 3111 696 3193 κόρας
721 3112 838 3193 Ἀρείας
869 3114 989 3178 ττίττλοτν
1020 3114 1231 3197 χρυσεόστολον
1262 3113 1367 3199 φόρος.

303 3219 385 3285 Quae
408 3222 500 3281 rerba
522 3221 659 3300 equidem
682 3226 855 3281 construere
887 3242 948 3281 non
969 3242 1089 3299 possum
1112 3223 1171 3282 nisi
1193 3228 1223 3282 et
1244 3216 1370 3301 στρατόν

304 3331 335 3383 et
357 3316 456 3402 φόρος
478 3326 515 3383 ad
537 3322 592 3399 ίβα
613 3324 732 3384 relatis:
755 3326 906 3402 profeotus
929 3325 1033 3385 estad
1056 3328 1233 3398 Amszones,
1256 3331 1369 3386 vestem

273 3425 434 3503 *petitum
478 3428 533 3486 Itst
563 3433 661 3487 autem
691 3429 872 3487 construetio
903 3428 1111 3501 audacissima,
1141 3428 1174 3486 in
1197 3447 1256 3508 qus
1276 3419 1370 3488 miror

299 3530 379 3608 quod
401 3535 521 3606 praeter
535 3529 707 3605 Pflugkinm
729 3551 816 3591 nemo
839 3531 986 3590 editorum
1008 3521 1141 3591 offendit
1178 3531 1280 3590 Meum
1303 3509 1386 3611 qui-⁴

301 3633 367 3692 dem
389 3631 532 3691 iudioium
555 3631 580 3690 si
603 3651 719 3711 sequor,
741 3635 840 3693 faeere
862 3653 922 3694 non
939 3653 1067 3712 possum,
1090 3633 1163 3713 quin
1185 3633 1279 3694 eltero
1301 3635 1367 3695 loeo

300 3734 552 3812 praepositionem
586 3735 754 3811 ponendam
788 3735 881 3794 fuisse
920 3737 1046 3798 oredem.
1098 3737 1227 3796 Mutatio
1258 3742 1366 3812 eutem,

301 3857 385 3919 quam
412 3837 566 3911 Pflugkius
589 3837 759 3914 proposuit,
789 3838 863 3897 mihi
886 3859 947 3898 non
977 3841 1136 3917 probatur:
1164 3834 1286 3918 periston
1308 3857 1368 3899 στε-

298 3941 374 4012 tuin,
408 3940 477 4019 quia
507 3941 615 3998 στολῶν
645 3961 705 4000 non
728 3960 793 4000 eam
822 3941 943 4019 petendi
974 3942 1128 4003 notionem
1149 3943 1257 4018 hebet,
1291 3961 1366 4023 quae

298 4089 501 4102 ——an-—n

366 4180 393 4242 1)
410 4180 450 4227 De
473 4177 557 4228 verbis
575 4185 652 4228 trans.
689 4173 802 4246 βάλλειν,
830 4176 915 4246 φέρειν
932 4185 980 4230 oet.
999 4196 1055 4230 oum
1072 4195 1125 4232 eoo.
1150 4181 1201 4229 loei
1227 4181 1366 4230 coniunctis

297 4264 384 4318 rideas
403 4266 475 4314 inire.
