3222 4936
737 476 948 543 „54-

310 650 374 711 Ale.
400 656 471 712 528.
493 685 535 694 —
558 651 632 710 Heo.
657 656 738 722 1140
768 653 915 727 πολεμίων
937 649 1032 728 δίκην.
1059 685 1098 698 -
1121 652 1161 711 H.
1183 653 1205 712 f.
1229 659 1289 713 909
1314 651 1378 712 τίυα

305 752 419 834 τρόπον
440 751 541 827 torm
571 757 596 817 Ι.
620 758 656 815 Α.
679 760 740 814 980
772 748 882 834 άγαθολ
912 751 1024 835 τρόπον
1053 750 1118 816 τινά
1146 757 1283 833 μισοῦσιν
1306 750 1379 826 τοῦς

307 857 472 927 αἰνοῦντας.
507 858 578 935 Hip.
598 862 677 917 1290
701 855 828 930 ἐκδεῐξαι
851 860 905 936 σῆς
926 852 1069 939 γυναικός
1090 851 1208 939 οἶστρον
1230 851 1379 937 ἢτρόττον

306 955 371 1021 τινά
400 953 598 1040 γενναιότητα.
621 994 664 1004 -
685 962 711 1020 Ι.
736 962 768 1022 Τ.
793 966 853 1021 500
885 956 917 1021 τό
940 957 993 1037 μὲν
1016 960 1132 1021 δίκαιον
1154 959 1303 1038 δυστυχεῖς
1325 983 1378 1020 κα-

307 1055 422 1140 λοίμεθ’
446 1055 482 1121 όν
510 1063 530 1124 i.
553 1082 578 1124 e.
610 1061 732 1132 δικαίως
754 1068 785 1124 et
807 1085 871 1125 oum
895 1065 1026 1125 Seidiero
1049 1064 1202 1140 intelligo:
1224 1064 1249 1124 si
1271 1046 1378 1124 iustam

308 1187 361 1228 seu
382 1187 483 1229 veram
504 1167 548 1226 roi
563 1167 708 1227 rationem
724 1171 847 1244 spectes,
871 1188 940 1241 non,
963 1172 997 1228 ut
1011 1168 1077 1228 vult
1092 1167 1217 1240 Weakl.,
1242 1167 1380 1244 supplen-

309 1271 378 1330 dum
395 1288 457 1330 esse
472 1269 610 1328 existimo
634 1261 739 1344 όνομα,
762 1270 847 1349 quasi
862 1290 901 1328 ex
922 1269 1058 1345 analogia
1079 1270 1178 1326 καλεῖν
1200 1261 1295 1345 ὄνομά
1316 1289 1381 1327 τινα

310 1374 420 1432 dietum
446 1372 493 1432 sit.
515 1406 557 1415 -
579 1372 653 1432 Her.
677 1372 736 1430 687
769 1363 828 1429 ἄλλ’
858 1358 912 1430 οῦν
943 1369 1092 1448 μαχοῦμαί
1113 1362 1137 1450 γ’
1159 1362 1293 1449 ἆριθμόν
1323 1364 1381 1428 οῦκ

311 1467 469 1534 ἐλάσσοσιν.
499 1507 541 1517 -
570 1475 595 1536 Ι.
617 1477 653 1534 Α.
686 1476 744 1533 357
778 1467 902 1549 Ἀχιλλεῖ
935 1467 1087 1552 πρόφασιν
1123 1464 1164 1543 οῦς
1201 1470 1380 1552 γαμουμένη.

311 1578 360 1635 Ba.
386 1577 456 1636 217.
478 1611 521 1620 —
545 1576 608 1636 Alo.
633 1581 693 1635 859
717 1569 827 1635 κύκλον
849 1578 880 1655 (i.
903 1596 929 1636 e.
951 1569 1061 1658 uu‘stp)
1094 1571 1261 1655 περιβαλών
1288 1581 1383 1652 χεροῖν

312 1676 397 1755 {priv
426 1678 478 1739 sol.
511 1671 655 1737 Θάνατον.
679 1711 720 1722 -
749 1679 800 1738 Ba.
837 1683 916 1738 1055
947 1679 1106 1736 κυκλοῦται
1134 1671 1163 1737 δ’
1197 1671 1270 1736 diors
1296 1671 1383 1750 τόξον

310 1773 460 1857 ἣκυρτός
487 1772 592 1856 τροχός
620 1774 716 1862 τόρνφ
745 1773 933 1858 γραφόμενος
962 1773 1130 1859 περιφοράν
1160 1777 1236 1840 ἕλκει
1258 1775 1380 1859 δρόμου.

311 1882 500 1945 Aduerbialis
523 1883 684 1944 aoousativi
705 1901 804 1961 περιφ.
829 1883 912 1942 notio
935 1885 972 1942 ab
987 1883 1161 1942 Hermanno
1185 1885 1306 1943 defensa
1328 1890 1381 1958 est,

313 2006 378 2046 oum
408 1986 460 2044 alii
483 1987 610 2045 editores
639 1985 736 2045 looum
765 1985 838 2045 false
860 1985 1048 2062 interpretati
1071 2006 1168 2066 neque
1190 1993 1270 2047 reete
1291 1988 1383 2048 inter·

313 2095 481 2165 pungentes
510 2089 596 2149 vanis
628 2088 805 2149 oonieoturis
834 2089 1018 2149 vexaverint.
1063 2089 1173 2149 Sensus
1201 2094 1299 2148 autem
1322 2095 1383 2149 est:

313 2191 447 2251 Vertitur
475 2196 509 2252 ut
536 2196 602 2251 rota
621 2195 769 2264 ourvata,
804 2191 913 2250 oiroulo
942 2191 1096 2252 oirouitum
1119 2189 1211 2272 (quod
1234 2194 1270 2251 ad
1293 2213 1316 2253 o.
1339 2199 1382 2252 at-

313 2293 402 2375 tinet)
426 2295 581 2371 desoripta,
604 2313 720 2354 oursum
743 2293 842 2353 trahit.
858 2328 901 2338 -
917 2294 966 2352 Or.
986 2282 1066 2352 1262
1090 2287 1196 2370 δόχμια
1218 2295 1273 2352 νῦν
1291 2287 1384 2373 κόρας

314 2388 431 2472 διάφερ’
453 2390 596 2473 ὀμμάτων
618 2393 735 2456 ἐκεῖθεν
758 2389 876 2462 ἐνθάδ’,
900 2387 961 2454 εἶτα
983 2387 1208 2456 καλινσκοττιάν.
1243 2395 1302 2461 Oui
1324 2417 1382 2457 eoo.

314 2500 575 2573 adverbialesoens‚
605 2499 731 2558 Porsoni
759 2499 929 2558 oon'ieotura
950 2519 966 2558 e
990 2499 1121 2559 aodioum
1144 2500 1227 2560 varia
1255 2499 1384 2560 lectione

314 2602 479 2674 restitutus,
509 2602 712 2678 expediendus
735 2607 794 2674 est,
824 2603 908 2682 quasi
940 2603 1069 2678 pendeat
1099 2622 1115 2661 ο
1142 2604 1234 2663 verbo
1256 2602 1385 2676 videndi,

316 2707 394 2786 quod
417 2724 433 2764 e
456 2695 579 2783 διάφερε
600 2698 692 2781 κόρας
715 2705 949 2764 subaudiendum
971 2710 1024 2765 est.

592 2939 821 3008 Aoousativus
843 2939 1106 3026 hypetaotious.

401 3098 491 3159 Ouius
513 3099 549 3157 de
571 3103 678 3156 natura
699 3117 765 3157 oum
787 3097 819 3156 in
842 3097 1025 3174 praefatione
1047 3099 1105 3156 iam
1129 3097 1263 3171 dixerim,
1287 3099 1387 3159 statim

316 3203 353 3262 ad
375 3202 441 3279 ipsa
463 3201 561 3271 verba,
584 3220 600 3259 e
622 3200 730 3279 quibus
745 3200 929 3262 aecusativus
944 3202 1061 3277 pendet,
1083 3202 1219 3260 aooedam
1235 3201 1389 3260 Kuohneri

316 3305 541 3382 dispositionem
571 3308 697 3364 seoutus.
742 3303 927 3384 Quamquam
957 3308 1046 3380 poeta
1074 3305 1130 3363 hae
1159 3305 1192 3362 in
1220 3312 1305 3382 parte
1327 3326 1387 3364 non

316 3407 442 3466 multum
462 3425 480 3465 a
501 3404 617 3480 vulgari
646 3405 763 3465 dioendi
793 3426 849 3465 usu
871 3405 1021 3480 discessit,
1051 3413 1151 3466 tamen
1174 3407 1317 3485 quaedam
1340 3427 1387 3468 oo-

316 3513 451 3582 ourrunt,
484 3525 558 3589 quae
589 3511 711 3584 propter
742 3508 990 3568 constructionem
1021 3507 1244 3567 insolentiorem
1267 3511 1387 3569 adnota-

315 3614 397 3674 tione
420 3611 511 3687 digna
533 3614 610 3669 sunt.

403 3713 531 3773 Verba
551 3712 716 3772 iuvandi
739 3715 776 3772 et
798 3713 971 3772 nocendi.
1017 3713 1065 3785 (K.
1090 3714 1160 3772 257.
1188 3713 1216 3792 1)
1240 3747 1281 3758 ·-
1304 3705 1388 3792 άρὲσ-

317 3837 379 3877 κειν
401 3837 425 3876 o.
449 3834 507 3875 aoe.
530 3834 606 3891 pers.
634 3815 708 3891 Hip.
733 3818 792 3874 105
826 3808 924 3884 οὗδελς
946 3810 973 3890 μ’
998 3808 1118 3892 αἰρέοκει
1143 3820 1212 3878 183.
1243 3818 1293 3876 Or.
1316 3822 1387 3877 200.

316 3953 358 3965 -
380 3910 519 3977 άυδάνειυ
548 3938 604 3977 usu
633 3919 782 3978 rarissimo
806 3938 830 3978 o.
853 3938 911 3980 auo.
945 3923 1044 3978 exstat
1078 3919 1127 3978 Or.
1155 3920 1234 3979 1617
1267 3911 1304 3978 οὗ
1331 3914 1387 3999 γάρ

318 4017 342 4098 μ’
370 4012 550 4080 όνδάνουσιυ
572 4016 606 4077 αἱ
622 4018 719 4078 κακαί.
748 4019 872 4079 Plurimi
888 4021 1015 4081 editores
1038 4013 1066 4095 μ’
1089 4022 1263 4082 deleverunt
1286 4029 1388 4083 eontra

317 4125 491 4185 scholiastae
503 4123 716 4196 auctoritatem,
740 4123 791 4203 qui
806 4125 944 4184 adnotat:
966 4116 986 4198 ἥ
1009 4145 1060 4198 μοι
1080 4117 1142 4183 νόει
1164 4117 1184 4200 ἤ
1207 4144 1252 4201 με,
1275 4120 1308 4184 τό
1331 4120 1387 4206 γάρ

318 4218 382 4286 άνδ.
413 4219 489 4302 τορός
519 4218 641 4301 δοτικήν
673 4222 721 4283 καὶ
752 4218 827 4306 πρός
858 4219 1024 4303 αἰτιατικὴν
1058 4224 1169 4305 εἴρηται
1201 4219 1242 4298 οῦς
1273 4226 1323 4287 καὶ
1354 4221 1387 4289 τό
