3222 4936
712 510 925 576 -74...

282 695 370 756 quam
392 679 516 740 mutatio
547 675 657 761 σαρκός
687 684 809 745 evidens
838 690 869 746 ct
890 683 1107 788 speciosissima
1137 702 1200 744 esse
1231 682 1358 756 videtur,

281 786 362 839 recte
395 784 580 845 accusativus
610 787 791 850 defenditur.
834 788 1039 861 Hermannns,
1075 806 1141 846 cum
1169 806 1217 859 rs,
1249 785 1358 865 inquit,

282 878 445 960 ἐξαμτλβειν
466 880 578 966 τρόμον
600 887 678 947 idem
701 889 740 950 sit
759 895 848 970 atque
870 895 964 951 semet
981 890 1136 963 affirmare,
1158 894 1238 950 recte
1260 891 1359 964 potest

283 1007 349 1048 oum
372 1009 430 1050 acc.
455 982 567 1069 σάρκας
590 992 737 1066 construi,
771 997 804 1052 ut
826 995 903 1052 hanc
924 991 1153 1070 explicationem
1176 992 1213 1051 ad
1234 991 1358 1066 figuram
1439 1026 1441 1030 ·

279 1091 362 1150 illam
391 1085 467 1150 καθ’
493 1085 534 1151 dt.
567 1113 594 1152 κ.
618 1113 646 1153 κ.
671 1116 699 1169 μ.
730 1095 880 1156 rettulisse
911 1095 1057 1156 rideatur.
1109 1094 1204 1155 Sensu
1238 1093 1357 1174 quidem

280 1194 337 1252 hoo
360 1197 497 1273 quadrat,
524 1198 577 1255 sed
598 1200 633 1256 ut
654 1201 733 1257 recte
756 1197 916 1260 dictionem
936 1197 1020 1258 illam
1042 1197 1249 1276 expediamus,
1272 1197 1357 1258 verbi

281 1296 459 1370 significatio
481 1298 667 1375 respicienda
689 1304 746 1372 est,
772 1320 830 1379 qua
851 1299 1024 1376 Euripidem
1047 1302 1204 1363 verborum
1227 1299 1358 1362 exuendi

281 1399 444 1476 analogiam
474 1404 606 1462 secutum
637 1420 700 1462 esse
730 1403 890 1480 probatur;
924 1405 961 1467 cf.
994 1404 1100 1464 Aesoh.
1124 1406 1178 1478 Ag.
1204 1409 1286 1464 1242
1310 1399 1357 1463 ἐκ·

281 1495 363 1561 δύσιν
394 1499 443 1581 ἐμὲ
472 1496 527 1581 την
556 1503 733 1583 χρηστηρίαν
763 1502 885 1582 ἐσθῆτα.
939 1507 1027 1566 Hom.
1050 1507 1086 1566 Ii.
1110 1507 1139 1564 Σ
1159 1511 1230 1566 345.
1274 1497 1356 1586 δορα

283 1596 460 1684 Πάτροκλον
481 1599 617 1666 λούσειαν
641 1600 701 1667 ἅπο
723 1601 832 1687 βρότον
855 1600 1039 1684 αἱματόεντα.

368 1702 554 1786 κρύπτειν
582 1703 669 1770 τινοὶ
698 1730 732 1769 τι
761 1715 860 1770 exstat
890 1710 962 1787 Hip.
985 1715 1045 1770 912
1069 1708 1176 1786 φίλους
1205 1703 1260 1780 σύς
1288 1708 1357 1770 δυσ-

282 1810 414 1891 πραξίας.
456 1812 530 1872 Ηοο.
552 1817 621 1871 665.
659 1812 833 1872 Ι.Τ.1027
857 1805 945 1872 τύσδο
966 1805 1140 1893 συγκρύψαι
1161 1807 1240 1872 τάδε.
1284 1813 1354 1890 Sup.

282 1914 344 1974 297
368 1906 465 1993 χρήστ’
489 1908 677 1994 ἐπικρύπτειν
700 1912 815 1989 φίλους.

367 2019 408 2078 II.
451 2017 564 2077 Alter
595 2017 853 2082 accusativus
876 2017 1133 2091 transitivus,
1165 2007 1355 2079 alter'im-

280 2138 442 2178 manens
464 2124 529 2186 cst.
573 2119 657 2186 Quas
679 2120 858 2182 constructio
880 2120 1023 2198 respectis
1044 2119 1091 2194 iis,
1115 2139 1190 2199 quae
1213 2123 1248 2180 do
1270 2141 1356 2182 accu-

281 2221 382 2281 sativo
410 2221 585 2282 immanenti
621 2222 766 2296 diximus,
803 2224 994 2284 difficultates
1026 2243 1087 2282 non
1120 2223 1207 2284 offert
1238 2226 1355 2284 codam·

282 2343 339 2404 que
362 2327 447 2384 modo
472 2325 638 2402 expeditur.
682 2326 757 2386 Nam
779 2331 813 2388 ut
835 2325 1035 2387 accusativum
1057 2325 1141 2388 illum
1164 2326 1249 2386 verbi
1270 2347 1354 2387 accu-

281 2427 421 2488 ratiorem
443 2427 645 2491 definitionem
669 2429 821 2492 continere
852 2411 996 2505 uidimus,
1028 2429 1078 2496 ita
1098 2429 1148 2489 hio
1177 2448 1296 2509 quoque
1317 2431 1355 2490 ad

280 2533 406 2590 verbum
436 2537 466 2590 et
489 2531 635 2591 obiectum
665 2537 756 2596 trans.
777 2532 854 2594 alter
873 2552 935 2593 acc.
959 2531 1088 2608 accedit,
1122 2532 1174 2612 qui
1195 2533 1280 2593 verbi
1302 2553 1354 2593 no-

280 2633 392 2694 tionem
415 2635 535 2712 supplet
557 2639 587 2694 ct
610 2635 723 2695 definit.

366 2738 503 2812 Magnam
525 2737 613 2797 huius
635 2742 800 2798 structurae
829 2742 942 2814 partem
964 2738 1140 2816 pronomina
1167 2736 1222 2798 illa
1249 2744 1282 2799 st
1303 2740 1354 2799 ad-

280 2839 392 2900 iectiva
414 2839 548 2900 neutrius
576 2839 693 2914 generis
715 2841 985 2918 comprehendunt,
1016 2860 1092 2920 quae
1112 2841 1287 2902 immanenti
1308 2861 1355 2904 ra·

279 2943 361 3030 tione
384 2963 451 3002 cum
481 2944 572 3018 verbo
596 2943 754 3003 coniuncta
785 2948 864 3004 sunt.
908 2943 949 3003 Ut
970 2947 1057 3004 autea
1085 2943 1118 3002 in
1140 2943 1243 3020 paucis
1264 2943 1353 3005 huius

254 3053 256 3058 ’
279 3046 360 3107 modi
382 3046 526 3123 exemplis
541 3045 638 3105 allatis
661 3067 706 3106 me
729 3046 871 3118 continui,
892 3045 935 3106 ita
956 3046 1006 3106 hio
1029 3066 1146 3127 quoquo
1161 3045 1263 3125 paucis
1281 3045 1354 3106 locis

279 3171 365 3210 usum
387 3149 472 3208 illum
494 3148 682 3208 notissimum
703 3149 852 3209 illustrare
876 3149 948 3210 satis
970 3151 1094 3210 habebo.

365 3251 615 3312 Pronomina.
668 3253 713 3312 El.
738 3257 797 3312 265
832 3250 911 3323 τλνος
943 3246 970 3312 σ’
1007 3243 1101 3329 οὕνεχ’
1131 3244 1234 3330 ὕβρισε
1264 3243 1351 3324 τύδε;

279 3355 345 3416 Αλο.
362 3361 422 3414 264
445 3349 515 3415 τάδε
529 3348 728 3434 σπερχόμενός
749 3375 785 3433 με
800 3348 924 3432 ταχύνει.
970 3355 1046 3415 Ηοο.
1064 3359 1143 3414 1183
1167 3353 1233 3413 τλνα
1254 3351 1354 3426 δοκοῖς

280 3456 390 3516 πείσειν
411 3450 497 3529 τάδες
519 3458 545 3518 Ι.
564 3457 598 3517 Τ.
617 3464 678 3520 689
702 3449 727 3516 σ’
743 3450 914 3534 ἐπισκήπτω
937 3450 1017 3532 τύδε,
1039 3458 1133 3518 multo
1148 3457 1286 3518 usitatius
1308 3462 1354 3518 est
1432 3499 1434 3504 -

279 3561 336 3620 τινί
353 3581 390 3632 τι,
414 3563 450 3621 cf.
466 3561 555 3624 Phoe.
573 3560 644 3621 775.
688 3561 756 3621 Hel.
773 3567 833 3620 938
853 3555 880 3620 σ’
900 3553 1020 3620 λκετεύοι
1034 3554 1110 3620 τόδε.
1132 3593 1174 3604 -
1196 3562 1244 3621 Ad
1261 3561 1353 3620 ταῦτα

279 3685 308 3724 r.
323 3684 351 3740 p.
365 3670 404 3723 20
428 3665 503 3724 And.
520 3667 591 3724 212.
610 3664 681 3724 678.
711 3665 736 3722 I.
749 3668 784 3724 A.
801 3668 929 3724 344.—
948 3665 1011 3724 Alc.
1029 3669 1089 3724 820
1108 3660 1134 3722 εἰ
1150 3657 1192 3740 μή
1207 3684 1237 3723 τι
1252 3656 1303 3734 σός
1317 3682 1352 3741 με

282 3759 427 3842 δεσπότης
444 3759 601 3842 ἐψεύσατο.
623 3801 665 3810 -
688 3766 761 3826 Ηοο.
780 3771 840 3826 948
865 3767 891 3826 τί
909 3759 945 3826 σύ
967 3769 1066 3832 κεῖνον
1089 3759 1144 3826 caia
1159 3763 1241 3844 ἔτλης
1256 3771 1352 3827 καθυ-

280 3867 388 3950 βρίσαι.
433 3871 485 3929 Ba.
509 3875 578 3928 606.
608 3902 650 3914 -
680 3870 756 3930 Rhe.
780 3874 841 3930 956
873 3863 995 3932 τοσόνδε
1023 3864 1146 3947 νύμφην
1173 3863 1227 3948 τὴν
1249 3863 1348 3950 ἔνερθ’

221 3995 223 4000 ·
280 3966 445 4048 αἰτήσομαι.
650 4039 652 4042 ,

365 4073 586 4134 Adiectiva.
630 4074 698 4135 Hel.
719 4075 798 4134 1170
822 4067 902 4134 πόλλ’
918 4067 1046 4151 ἐμαυτδν
1063 4067 1245 4154 ἐλοιδόρησα.
1279 4075 1350 4134 Ηοι.

280 4181 340 4238 947
365 4170 457 4235 πολλοὶ
485 4169 537 4234 τδν
566 4175 660 4236 παῖδα
683 4174 852 4257 ἐφυβρίσαι.
896 4178 960 4238 ΔΙο.
985 4182 1046 4237 459
1070 4197 1100 4237 π.
1123 4172 1154 4236 σέ
1176 4172 1350 4254 μέλψουσιυ.

279 4281 346 4343 Τιο.
372 4285 452 4343 1009
484 4299 515 4338 π.
548 4275 726 4344 ἐνουθέτουν
759 4296 799 4340 σε.
852 4281 925 4340 Ηοι.
949 4280 1009 4342 703
1045 4272 1156 4360 σμικροὶ
1188 4272 1217 4337 δ’
1252 4270 1352 4356 ἐνήσει
