3222 4936
732 452 946 517 „12-

303 642 363 682 non
384 623 604 698 dubitaverunt,
628 645 694 684 oum
715 625 749 684 in
770 628 925 686 statuendo
941 624 1107 684 accusativo
1131 624 1260 683 eiusdem
1275 621 1377 699 stirpis

304 732 393 804 atque
416 729 539 786 verbum
562 727 680 786 inanem
703 727 832 787 laborem
855 726 1078 803 consumpseris.

393 826 509 889 Quibus
531 829 702 906 praemissis
730 831 788 889 iam
820 831 857 888 ad
882 830 977 906 ipsam
1010 849 1073 888 rem
1095 828 1274 905 propositam
1297 847 1378 887 acoe-

305 930 373 988 dere
395 950 481 1006 posse
503 932 577 991 mihi
600 932 718 1006 videor,
748 953 834 1010 quam
856 932 899 991 ita
919 931 994 990 mihi
1016 931 1166 1008 disposui,
1196 936 1229 989 ut
1250 929 1378 1006 primum

304 1034 503 1093 accusativum
525 1035 736 1110 paratacticum
759 1035 808 1092 vel
824 1033 1042 1108 immanentem,
1066 1033 1178 1112 quippo
1200 1032 1248 1091 cui
1269 1032 1300 1090 in
1323 1034 1378 1091 hac

304 1134 511 1195 dissertatione
535 1156 679 1195 summum
702 1136 844 1210 momenti
866 1136 1057 1194 tribuendum
1080 1140 1165 1208 esset,
1187 1135 1378 1207 absolverem,

305 1236 412 1296 deinde
441 1259 499 1298 aco.
531 1238 751 1316 hypotacticum
774 1243 948 1311 tractarem,
981 1239 1109 1317 denique
1140 1237 1287 1314 duplicem
1317 1257 1377 1298 acc.

304 1339 423 1399 adirem.
467 1342 573 1402 Restat
595 1349 709 1414 autem,
743 1348 777 1401 ut
798 1341 967 1418 opinionem
991 1340 1172 1413 dimoveam,
1195 1361 1282 1418 quam
1305 1339 1377 1399 titu-

304 1441 365 1500 lum
387 1443 475 1503 huius
498 1445 714 1504 dissertationis
736 1446 838 1520 legens
860 1463 965 1503 vereor
997 1464 1033 1503 ne
1057 1443 1123 1522 quis
1142 1445 1252 1502 habere
1274 1442 1376 1519 possit,

305 1564 406 1604 omnes
422 1547 583 1606 accusativi
603 1548 682 1607 locos
704 1549 782 1624 apud
797 1547 971 1623 Euripidem
995 1567 1012 1605 a
1033 1566 1080 1606 me
1096 1547 1233 1605 collectos
1255 1551 1285 1604 et
1306 1545 1377 1604 alla·

306 1652 351 1706 tos
383 1667 464 1720 esse,
497 1654 531 1708 ut
553 1649 595 1709 La
617 1650 719 1709 Roche
749 1650 781 1707 in
804 1651 934 1708 Homero
965 1648 1045 1708 fecit.
1089 1647 1147 1707 Sed
1177 1647 1249 1726 quia
1269 1647 1377 1706 multos

305 1749 374 1808 illos
396 1751 474 1810 locos
491 1752 624 1810 attulisse
648 1751 725 1810 nihil
742 1751 857 1822 attinet,
882 1752 989 1830 quibus
1004 1750 1237 1810 constructiones
1251 1750 1376 1809 usitatae

305 1871 402 1929 neque
425 1873 441 1911 a
463 1854 580 1929 vulgari
599 1854 716 1913 dicendi
739 1875 795 1913 usu
818 1853 931 1913 alienae
946 1855 1093 1930 leguntur,
1116 1873 1166 1913 eos
1187 1859 1239 1912 aut
1259 1853 1377 1912 mittere

306 1959 358 2012 aut
379 1957 481 2030 paucis
503 1956 715 2032 speciminibus
730 1957 879 2016 illustrare
900 1977 987 2033 posse
1009 1956 1083 2015 mihi
1097 1956 1180 2017 visus
1201 1977 1274 2014 sum.
1317 1956 1378 2014 Ita-

306 2077 363 2133 que
386 2059 533 2119 adiectiva
556 2065 586 2119 et
608 2059 782 2135 pronomina
803 2060 856 2118 illa
877 2080 931 2137 pro
953 2059 1094 2118 adverbio
1117 2058 1222 2135 posita,
1253 2077 1377 2137 quorum

305 2158 423 2219 infinita
445 2162 507 2221 fere
530 2162 687 2222 multitudo
710 2167 816 2233 exstet,
839 2168 870 2221 et
891 2161 1073 2221 accusativos
1095 2160 1204 2220 obiecti
1227 2159 1378 2222 transitivi

306 2263 426 2322 brevius
463 2265 557 2340 attigi.
609 2266 662 2324 Sin
695 2271 792 2325 autem
824 2265 968 2324 rariorum
1002 2263 1268 2334 constructionum,
1305 2281 1378 2341 quas

308 2384 409 2426 omnes
439 2369 577 2444 colligere
609 2369 726 2428 intento
757 2369 854 2430 animo
885 2367 1001 2439 studui,
1037 2387 1111 2446 quae
1141 2385 1187 2424 me
1210 2365 1378 2440 effugerint,

307 2487 401 2544 spero,
424 2472 486 2530 fore
508 2477 622 2530 utnon
638 2471 837 2546 negligentiae
860 2470 1016 2542 tribuatur,
1040 2471 1091 2528 sed
1113 2468 1232 2541 maiore,
1256 2467 1308 2547 qui
1330 2466 1376 2524 in·

307 2571 475 2646 spiciendns
494 2581 557 2633 erat
574 2574 738 2633 fabularum
754 2593 885 2644 numero,
908 2572 1059 2651 nimiaque
1075 2571 1277 2647 exemplorum
1293 2568 1377 2646 copia

293 2679 472 2734 excusetur.

595 2925 823 2995 Accusattvus
846 2926 1096 3013 parataotlcus.

309 3107 335 3161 Ι.
380 3107 601 3163 Accusativus
631 3107 774 3164 eandem
803 3107 944 3174 stirpem
972 3120 1076 3173 quam
1100 3105 1244 3162 verbum
1265 3105 1378 3160 habet

663 3207 786 3283 (Figura
808 3205 1023 3282 etymologica.)
1113 3237 1116 3248 ι

503 3364 538 3418 Δ.
582 3359 848 3420 Accusatirus
871 3359 954 3417 sine
976 3358 1181 3418 attributo.

394 3495 488 3558 Quem
509 3497 658 3556 rarissime
681 3497 759 3572 apud
782 3515 882 3555 ornnes
898 3495 1056 3570 scriptores
1078 3494 1137 3569 legi
1158 3495 1217 3552 iam
1239 3493 1378 3552 diximus.

309 3600 333 3656 E
365 3599 510 3675 Sophocle
542 3621 633 3658 unum
665 3600 753 3659 huius
787 3597 1013 3658 constructionis
1043 3597 1212 3672 exemplum
1244 3597 1380 3655 laudatur

310 3702 344 3759 Ο.
365 3702 395 3760 0.
420 3702 480 3760 477
504 3695 576 3777 χοὰς
598 3697 721 3777 χέασθαι
744 3702 796 3778 (id.
819 3703 890 3759 Eur.
914 3699 962 3758 Or.
986 3705 1047 3758 466
1062 3698 1099 3774 ¹),
1123 3700 1201 3778 quod
1221 3698 1380 3757 Schneide-

309 3804 405 3863 winus
435 3804 590 3863 formulam
612 3804 782 3863 sollemnem
805 3803 889 3861 velut
910 3801 1020 3870 θυσίας
1050 3793 1138 3859 θύειν
1160 3801 1324 3860 adhibitum
1351 3805 1382 3859 et

309 3928 347 3966 ex
370 3907 499 3966 Homero
523 3907 592 3982 (Οά.
619 3912 665 3968 10.
690 3907 763 3984 518)
792 3907 917 3982 petitum
949 3925 1012 3964 esse
1043 3906 1171 3964 adnotat.
1217 3901 1380 3979 Aeschylus

311 4029 429 4089 quoque
446 4011 551 4069 iisdem
567 4012 629 4070 iere
645 4010 762 4083 finibus,
780 4009 887 4088 quibus
899 4009 1059 4086 Sophocles
1075 4029 1106 4067 se
1118 4005 1273 4067 continuit.
1304 4005 1379 4062 Nam

385 4235 411 4294 1)
428 4232 458 4278 ln
476 4231 591 4280 versibus
608 4232 712 4280 citandis
730 4231 861 4279 editionem
879 4235 976 4279 secutus
994 4244 1047 4278 sum
1065 4228 1211 4276 Kirchhoftii
1228 4227 1353 4274 maiorem.
