3222 4936
728 485 943 550 -16-

299 649 430 730 φανερά,-
462 659 487 716 Ι.
510 656 540 714 Τ.
569 662 626 715 115
658 651 728 728 τοός
749 651 864 728 πόνους
893 659 1045 736 τολμῶσιν.
1090 664 1169 721 Μεδ.
1195 669 1254 722 695
1279 657 1372 723 τετόλ-

298 752 369 832 μηκ’
395 754 482 837 ἔργον
498 757 645 835 αἴσχιστον
659 754 735 818 τάδε.
768 762 834 821 Ιοα.
854 766 912 819 129
929 755 1020 820 καλόν
1042 756 1094 822 τόν
1116 758 1212 823 πόνον
1233 759 1372 844 λατρεύω.

299 861 371 937 Hip.
395 867 456 919 293
481 865 576 929 νοσεῖς
605 882 632 920 τι
659 864 719 921 τῶν
746 854 925 942 άποῤῥήτων
953 867 1063 926 κακοῖν.
1109 867 1181 926 Ηοτ.
1205 873 1265 926 990
1291 861 1372 948 Ἥρα

298 981 334 1037 με
361 958 483 1040 κάμνειν
512 956 593 1040 τήνδ’
616 948 708 1041 ἔθηκε
729 959 784 1042 την
805 960 905 1025 νόσον.

383 1067 452 1143 Sup.
470 1071 530 1124 594
554 1062 668 1144 φόβους
690 1060 844 1147 πονηροός
865 1066 916 1128 καὶ
938 1065 1043 1140 κενοάς
1066 1069 1239 1132 δεδοικέναι.
1294 1075 1334 1134 Η.
1351 1075 1371 1134 f.

301 1173 379 1226 1003
411 1163 489 1228 εὕδει
518 1163 615 1228 ὕπνον
644 1166 701 1230 οὐκ
737 1164 907 1245 εὐδαίμονα.
955 1178 1045 1248 1023,
1073 1179 1162 1234 1049.
1207 1176 1283 1234 Rhe.
1309 1177 1369 1235 732

297 1264 347 1328 τόν
377 1264 559 1330 ὑπασπίδιον
588 1275 689 1331 κοῖτον
728 1267 813 1332 ἰαύει.
857 1275 924 1334 Tro.
954 1274 1016 1334 757
1048 1269 1156 1356 λυγρόν
1184 1271 1216 1334 δὲ
1245 1271 1371 1355 πήδημα

296 1366 407 1432 πεσοόν.
452 1376 544 1434 Phoe.
569 1381 627 1434 641
663 1361 687 1456 pi
710 1369 818 1453 μόσχος
847 1372 1000 1452 ἀδάματον
1032 1374 1149 1454 πέσημα
1180 1376 1269 1452 δίκε,Ι
1289 1383 1368 1460 quod

295 1478 453 1537 scholiasta
466 1485 546 1538 reete
563 1479 775 1554 interpretatur
790 1475 924 1558 ἔρῤιψεν,
940 1474 1049 1556 ἑαυτήν
1060 1478 1205 1556 δηλονότι,
1222 1479 1369 1558 ἔπεσενῖ).

295 1581 385 1640 Phoe.
404 1582 485 1640 1575
515 1567 582 1659 εὗρε
595 1575 628 1639 δὲ
649 1577 735 1639 τέκνα
757 1575 859 1640 κοινόν
881 1576 1017 1642 ἐνυάλιον
1039 1585 1070 1657 (i.
1087 1604 1111 1642 e.
1129 1578 1234 1660 μάχην)
1260 1606 1369 1663 μαρνα-

295 1679 410 1756 μένους.
454 1685 494 1742 H.
516 1685 536 1744 f.
562 1689 622 1742 892
650 1689 806 1762 κυναγετεῖ
832 1686 864 1752 (i.
887 1705 912 1745 a.
944 1679 1057 1764 διώκει)
1088 1682 1199 1744 τέκνων
1229 1681 1367 1767 διωγμόν.

271 1771 365 1864 ’8ορ.
383 1768 443 1845 299
468 1779 552 1845 οὔτοι
577 1782 732 1863 μέμψομαι
756 1781 809 1863 τήν
831 1789 886 1845 νῦν
908 1781 1024 1862 σιωπὴν
1046 1781 1088 1858 σός
1111 1783 1237 1868 ἐσιγήθη
1260 1791 1366 1862 καλῶς,

293 1893 362 1949 Hel.
394 1892 453 1949 783
486 1893 588 1984 γαμεῖν
618 1883 696 1964 τάμά
724 1886 798 1966 λέχη.
845 1891 911 1950 Tro.
942 1896 992 1965 44,
1022 1893 1066 1951 El.
1098 1897 1168 1966 934,
1199 1894 1263 1952 Ion.
1289 1900 1362 1952 308.

294 1994 361 2053 Hel.
388 1999 447 2051 109
478 1985 547 2050 θεοὶ
577 1987 609 2050 δέ
639 2008 686 2050 σοι
709 1989 825 2051 ἔσθλοδν
856 1986 986 2070 ἀμοιβάς
1008 1986 1270 2073 άντιδωρησαίατο.
1316 1997 1367 2055 Or.

295 2102 355 2154 461
381 2088 512 2153 ἀπέδωκ’
541 2089 671 2171 ἀμοιβάς
693 2086 730 2154 οό
752 2090 851 2165 καλάς.
904 2098 974 2174 Sup.
998 2103 1059 2162 362
1084 2101 1146 2166 τοῖς
1168 2099 1284 2156 τεκοῦσι
1312 2092 1367 2178 γάρ

293 2193 439 2273 δύστηνος
475 2192 555 2266 ὅστις
592 2191 632 2274 μη
671 2191 872 2257 άντιδουδεόει
910 2195 1019 2258 τέκνοιν
1054 2192 1207 2260 κάλλιστον
1244 2198 1366 2279 ἔρανον·

295 2295 368 2370 δοός
392 2295 448 2380 γάρ
472 2295 665 2372 ἀντιλάζυται.
706 2301 800 2365 Quam
824 2303 995 2377 lectionem,
1019 2304 1153 2380 Euripidi
1177 2305 1368 2382 aptissimam,

294 2412 363 2464 sunt
394 2406 444 2484 qui
468 2409 584 2464 mutent
604 2404 721 2480 virgula
743 2410 811 2482 post
833 2402 941 2463 τέκνων
962 2406 1071 2482 posita,
1107 2412 1141 2466 ut
1162 2408 1262 2466 verbis
1285 2401 1367 2466 κάλλ.

294 2506 334 2584 ἔρ.
359 2507 506 2585 appositio
529 2509 565 2565 ad
588 2509 794 2567 antecedentia
815 2509 896 2568 ineit.

377 2612 441 2670 Iam
471 2613 628 2670 verborum
659 2630 768 2685 genera
790 2613 914 2690 quadam
938 2612 1129 2687 complectar,
1162 2631 1237 2691 qnae
1259 2613 1362 2670 eodem

293 2718 379 2774 modo
403 2718 570 2772 constructo
594 2719 671 2772 sunt.

380 2818 507 2876 Verba
528 2816 714 2875 faciendi.
759 2818 909 2876 Barata
933 2809 1050 2895 ἔργματ’
1073 2807 1138 2893 οάχὶ
1154 2809 1251 2891 θνητά
1274 2815 1363 2892 δρῶν.

293 2923 366 2981 Ηοο.
392 2921 451 2978 775
485 2917 571 2998 ἔργον
594 2912 796 2977 άνοσιάτατον
818 2918 862 2998 δρ.
897 2922 974 2979 And.
998 2925 1068 2992 342,
1092 2920 1162 2978 789.
1206 2920 1278 2979 Her.
1302 2925 1363 2978 980

292 3018 324 3082 τό
349 3018 374 3079 δ’
408 3019 495 3099 ἔργον
527 3013 605 3079 τοῦτ’
635 3019 700 3096 ἐμοὶ
733 3016 918 3101 πεπράξεται,
972 3023 1042 3099 Hip.
1073 3028 1133 3080 644
1166 3020 1257 3100 δρῶσι
1286 3014 1364 3080 κακά

292 3119 487 3203 βουλεύματα.
527 3123 610 3187 Quae
627 3127 763 3202 exempla
776 3127 874 3184 afferri
898 3126 974 3184 nihil
988 3125 1130 3184 interesse
1145 3126 1271 3196 videtur,
1295 3124 1365 3205 quia

292 3231 385 3290 verba
405 3228 532 3287 faciendi
556 3247 672 3305 semper
694 3230 849 3289 transitive
865 3233 1084 3288 construuntur.
1130 3227 1195 3291 Qua
1216 3228 1248 3285 in
1270 3248 1302 3286 re
1325 3247 1363 3286 ne

290 3334 364 3392 false
394 3331 557 3390 iudicemus
588 3333 750 3391 cavendum
778 3338 835 3404 est;
870 3351 935 3390 nam
968 3333 1060 3391 verba
1096 3330 1148 3388 illa
1179 3323 1362 3408 ἐργάζεσθαι,

292 3434 384 3514 δράν,
416 3424 555 3511 πράττειν
585 3453 628 3512 sq.
660 3436 779 3512 propria
815 3436 937 3494 notione
975 3433 1163 3494 intransitive
1191 3432 1362 3510 accipienda

292 3543 376 3610 sunt,
404 3543 437 3596 ut
467 3541 616 3595 nostrum:
647 3538 695 3596 ich
718 3539 840 3612 handle,
864 3538 1003 3596 latinum:
1035 3555 1130 3611 agere.
1175 3537 1363 3612 Quapropter

291 3639 366 3718 δρᾶν
388 3660 452 3695 τινα
475 3659 534 3697 non
554 3639 677 3716 legitur,
705 3647 736 3699 et
764 3661 830 3699 eum
859 3641 960 3699 Graeci
993 3640 1082 3699 talem
1112 3639 1359 3700 constructionem

290 3742 442 3802 formaturi
463 3746 554 3814 erant,
576 3741 651 3800 alter
673 3762 731 3802 aee.
755 3744 829 3802 adici
846 3745 980 3815 debebat,
1004 3744 1054 3821 qni
1074 3743 1233 3803 transitiva
1247 3743 1278 3803 vi
1293 3761 1359 3802 ver-

290 3847 359 3903 bum
382 3848 563 3916 exstrueret,
592 3846 676 3903 velut
696 3839 791 3902 κακόν
820 3843 895 3921 δρᾶν
914 3865 986 3902 τινα.
1032 3847 1240 3905 Aeeueativum
1263 3851 1358 3904 antem

289 3948 341 4019 rei,
365 3967 490 4027 quocum
513 3950 605 4007 verba
626 3948 679 4006 illa
700 3947 870 4025 saepissime
893 3953 1112 4021 construuntur,
1135 3967 1195 4007 non
1212 3947 1359 4006 obiectum

360 4189 385 4246 1)
402 4187 442 4234 nd
459 4186 644 4234 intransitivum
668 4186 739 4234 verbi
764 4185 842 4238 δίκειν
869 4201 939 4236 usum
964 4186 995 4234 ef.
1023 4186 1080 4233 Hel.
1101 4181 1358 4239 metastasin,

289 4272 333 4320 ubi
351 4270 442 4338 ῥίπτειν
461 4273 547 4320 eodem
565 4273 639 4320 modo
658 4287 707 4333 quo
726 4270 822 4324 πίπτειν
840 4275 939 4333 legitur.
