3222 4936
693 493 905 561 „29-

263 669 374 746 siegen.
425 670 452 730 I.
475 668 509 731 Τ.
542 674 601 729 942
639 669 730 728 oracio
766 661 860 744 φόνια
890 660 1063 747 πειρατήρια
1096 666 1260 744 „siegreich
1292 666 1335 727 im

262 771 585 849 hochnothpeinlichen
617 771 836 848 Halegericht“.
874 771 989 830 Weckl.
1020 803 1062 814 ·—
1092 770 1138 830 El.
1157 775 1216 830 860
1250 769 1336 841 νίκας

264 873 505 954 στεφανηφορίαν
542 874 667 955 κρείσσω
706 875 794 953 (τοῖς)
833 865 906 952 παρ’
942 867 1085 951 Ἀλφειοῦ
1122 869 1258 953 ῥεέθροις
1293 894 1337 934 τε·

262 973 356 1046 liora.
410 975 493 1040 Quae
522 977 654 1038 codicum
683 977 771 1038 lectio
803 975 933 1037 construi
963 996 1023 1036 non
1054 982 1160 1053 potest.
1211 976 1336 1037 Plurimi

264 1079 391 1140 editores
402 1079 550 1140 Dindorfii
567 1081 764 1141 coniecturam
781 1087 965 1157 receperunt,
982 1079 1035 1158 qui
1052 1079 1155 1140 scribit
1172 1079 1240 1163 νικᾷ
1254 1097 1335 1156 σιεφ.

264 1179 331 1241 οίαν
352 1175 423 1262 παρ’
449 1203 509 1264 οφ,
531 1203 633 1244 vocem
656 1181 722 1243 οίαν
744 1187 866 1260 propter
888 1185 1095 1243 antecedentes
1117 1182 1245 1262 syllabae
1268 1204 1336 1261 ριαν

267 1285 410 1346 excidisse
433 1290 574 1346 statuens.
619 1284 820 1350 (lucratione
843 1284 1028 1346 accusativus
1054 1285 1249 1346 immanenter
1270 1305 1337 1346 cum

264 1390 332 1471 νικᾷ
354 1391 498 1450 cohaeret.
543 1388 625 1453 Quae
647 1390 772 1450 mutatio
794 1409 898 1450 vereor
929 1393 963 1448 ut
983 1388 1103 1467 probari
1125 1388 1235 1466 poerit,
1268 1389 1338 1469 qnia

263 1511 337 1552 voce
366 1490 490 1571 κρείσσω
522 1511 608 1568 egere
639 1513 699 1552 non
722 1513 807 1571 poeee
839 1493 912 1552 mihi
942 1493 1093 1565 videmur3
1124 1511 1227 1552 oeneus
1257 1492 1337 1552 enim

265 1595 370 1654 melius
391 1595 541 1672 procedit,
571 1595 597 1654 ai
619 1596 737 1656 Oroates
759 1616 819 1657 non
842 1595 981 1670 eiusdem,
1005 1597 1058 1655 sed
1078 1595 1197 1654 maioris
1217 1594 1339 1655 honorio

264 1698 420 1758 victoriam
436 1717 523 1778 quam
539 1699 723 1776 Olympicum
738 1699 936 1777 reportaviese
954 1697 1072 1772 dicitur,
1095 1702 1130 1757 ut
1142 1698 1208 1776 ipea
1222 1699 1340 1759 Electra

265 1806 366 1878 postea
388 1821 416 1862 v.
441 1804 500 1860 881
525 1820 590 1859 eum
613 1802 727 1862 laudat:
759 1795 841 1878 ἥκεις
868 1795 924 1880 yda
954 1793 1010 1860 oda
1033 1793 1149 1880 οἷχρεῖον
1172 1796 1338 1881 ἔκπλεθρον

266 1896 387 1981 δραμοδν
409 1895 511 1983 ἀγῶνα
541 1895 611 1962 oillei
641 1898 781 1980 πολέμιον
801 1898 919 1963 κτανών
941 1924 985 1984 eq.
1029 1902 1217 1982 Quapropter
1238 1904 1336 1964 lenem

268 2005 372 2065 Weilii
393 2004 586 2066 mutationem
607 2007 679 2089 νικᾷ
699 2008 944 2086 στεφανηφοριᾷν
966 2006 1138 2085 acceperim,
1161 2026 1219 2086 qua
1242 2006 1339 2067 omnia

268 2109 342 2168 bene
365 2109 574 2182 absolvuntur,
605 2109 752 2189 siquidem
773 2112 864 2170 verba
886 2109 1098 2170 construimus:
1131 2111 1200 2192 νικᾷ
1224 2106 1340 2179 τελέσας

265 2210 532 2293 (στεφανηφορίαν)
554 2233 599 2291 κρ.
623 2215 868 2292 στεφανηφοριᾶν
898 2212 981 2291 (τῶν)
1005 2204 1087 2292 παρ’.
1112 2248 1153 2257 -
1175 2214 1253 2273 And.
1276 2218 1337 2272 336

264 2307 301 2373 od
316 2307 400 2374 τόνδ’
423 2307 544 2395 α’μωνιεῖ
560 2308 656 2388 φόνον
671 2315 703 2374 in
720 2318 809 2375 caede
825 2317 1009 2375 defendenda
1024 2315 1197 2376 decertabis.
1210 2350 1251 2360 -
1262 2316 1338 2377 Heo.

266 2417 324 2477 271
349 2419 389 2500 τῷ
415 2413 466 2494 μὲν
489 2415 594 2499 δικαίῳ
617 2409 701 2477 τόνδ’
724 2409 888 2496 ἇμιλίῶμαι
909 2412 1004 2497 λόγον.
1049 2418 1208 2495 Pflugkiue
1229 2419 1337 2479 vertit:

264 2521 365 2597 Gegen
388 2522 439 2581 dae
460 2521 558 2581 Recht
579 2526 655 2582 trete
676 2521 727 2581 ich
748 2522 803 2582 mit
826 2521 927 2582 diesen
945 2522 1068 2582 Worten
1089 2521 1123 2580 in
1145 2521 1193 2581 die
1211 2521 1337 2582 Schran-

264 2624 332 2684 ken.
376 2623 463 2687 Quod
483 2624 584 2684 versui
606 2623 703 2685 inesse
726 2645 786 2684 non
808 2629 915 2703 petest,
938 2625 1093 2704 quietum
1108 2625 1233 2685 Hecuba
1247 2624 1336 2684 Grae·

265 2727 307 2785 cie
328 2726 406 2786 filiae
429 2747 498 2786 suae
512 2727 734 2789 interficiendae
756 2729 803 2788 ius
825 2729 977 2803 tribueret,
1001 2730 1079 2808 quod
1098 2728 1223 2789 multum
1244 2730 1281 2787 ab
1304 2747 1339 2789 ea

266 2831 366 2890 aberat
389 2832 525 2910 quodque
555 2835 616 2891 tota
645 2833 701 2892 hac
731 2832 862 2892 oratione
884 2832 1058 2909 impugnare
1081 2832 1190 2892 studet.
1231 2833 1338 2910 Itaque

266 2932 356 2992 verba
377 2932 530 3010 intelligo:
552 2935 600 2994 fur
624 2937 675 2995 dae
696 2937 794 2995 Recht
810 2942 864 2996 etc.
888 2936 938 2996 ecl.
955 2934 1014 2994 iuri
1036 2932 1237 3008 humanitatis,
1259 2935 1338 3016 quod

266 3035 391 3095 Hecuba
412 3035 470 3096 eibi
492 3040 527 3097 ut
548 3037 683 3115 captivae
705 3039 877 3099 vindicabat
899 3058 1017 3118 quoque
1034 3037 1138 3098 Graeci
1160 3037 1252 3097 filiam
1274 3038 1338 3097 eine

267 3158 353 3198 cauea
374 3143 433 3198 tam
457 3141 616 3201 crudeliter
638 3143 759 3202 caedere
773 3145 961 3203 vetabantur.
1005 3141 1136 3201 Verbum
1158 3131 1250 3218 οίμιλί.
1273 3139 1338 3200 eine

265 3240 380 3302 obiecto
401 3247 574 3321 usurpatum
596 3244 766 3304 defenditur
787 3245 856 3305 Hel
880 3250 937 3304 165
962 3247 1051 3303 ποῖον
1073 3235 1227 3318 δμιλίαθοῑ
1249 3235 1336 3323 φόως

266 3345 341 3404 Nam
363 3345 412 3405 hic
435 3367 551 3426 quoque
574 3367 631 3408 acc.
647 3347 811 3408 immanens
829 3352 880 3408 eat.
926 3347 995 3407 Hel.
1013 3348 1071 3406 547
1096 3340 1128 3405 σί
1149 3336 1204 3424 τὴν
1226 3338 1338 3427 ὄρεγμα

267 3442 365 3508 δεινὸν
386 3440 583 3527 ἡμιλλημένην
598 3443 715 3528 τύμβον
735 3442 779 3510 ’πί
801 3449 941 3532 κρηπῖδα.
986 3449 1118 3528 Hesych.
1140 3440 1264 3530 δρεμμαι
1288 3442 1338 3528 δρ-

267 3571 358 3628 μονα·

351 3655 401 3715 Ba.
425 3655 486 3715 ’186
521 3648 618 3731 φόνον
651 3648 746 3716 noddo
778 3648 906 3736 παροίξας
936 3655 956 3717 i.
985 3676 1011 3716 e.
1047 3648 1176 3732 φονικὴν
1209 3648 1339 3736 ταραχήν

268 3749 404 3835 ποιήσας.
827 3779 828 3784 ’

352 3862 422 3940 Sup.
449 3849 573 3946 1213ᾷ
603 3856 630 3922 δ’
657 3854 695 3922 dv
722 3857 840 3948 τροίσης
862 3856 958 3940 φόνον
987 3861 1039 3923 ubi
1066 3861 1249 3922 mortiferum
1272 3860 1339 3921 vul·

268 3985 324 4024 uua
346 3964 505 4026 inflixeris.

352 4069 443 4129 Phoe.
468 4072 548 4129 1436
570 4064 771 4150 τετρωμένους
803 4064 829 4128 δ’
864 4067 970 4130 ἰδοῦσα
998 4065 1136 4149 καιρίους
1157 4058 1275 4145 σφαμοίς
1298 4057 1338 4147 pi-

268 4166 372 4248 μωξεν.

357 4278 436 4334 1306
459 4269 551 4335 πίσεα
566 4267 628 4334 δάϊ’
647 4268 811 4354 αἱμάξετον.
857 4275 980 4337 nacta:
1001 4271 1174 4336 Involvitur
1188 4267 1339 4333 efficiendi
