3222 4936
749 526 791 534 --
835 489 877 556 40
923 525 961 534 .-

406 660 474 720 Alia
504 665 534 721 et
563 660 646 721 varia
668 661 756 721 huius
778 661 894 736 generis
916 663 1022 736 verba,
1056 681 1131 741 quae
1152 681 1212 722 non
1234 659 1391 731 omiserim,

321 769 406 824 sunt:
435 765 487 824 Ba.
511 768 570 824 158
593 757 685 833 λυτδς
707 755 864 843 brevitati
893 764 1041 842 παίγματα
1072 761 1176 848 βρίμῃ.
1222 765 1262 824 Η.
1284 765 1305 822 f.
1329 767 1390 822 952

321 859 411 925 δεινά.
456 867 523 926 Tro.
549 871 607 928 521
632 858 756 945 οάρανία
779 865 824 945 βρ.
848 900 890 910 -
911 866 985 944 Hip.
1012 871 1091 925 1200
1114 869 1195 943 κῦμα
1217 858 1318 943 άφρδν
1338 887 1391 925 πο·

321 963 376 1028 λιλν
398 963 549 1046 καχλάζον.
572 1004 614 1015 ·-
636 969 703 1047 Cyn.
727 974 787 1029 485
821 961 924 1048 άχαριν
949 965 1073 1028 κέλαδον
1102 963 1320 1046 μουσιζάμενος.
1350 1001 1392 1013 -

322 1073 385 1132 Alc.
405 1077 462 1131 591
489 1065 656 1148 βοσκήμασι
679 1075 756 1130 σοῖσι
778 1071 902 1150 συρίζων
924 1071 1079 1148 ποιμνίτας
1100 1063 1268 1148 άμεναίους.
1311 1072 1337 1132 1.
1355 1075 1390 1130 A.

323 1177 382 1234 572
406 1168 544 1253 βάρβαρα
571 1174 703 1253 συρίζων.
727 1207 768 1217 —-
791 1175 831 1234 H.
855 1175 875 1232 f.
902 1176 960 1234 887
991 1167 1076 1234 δάιον
1106 1167 1170 1233 τότε
1200 1166 1286 1234 δάιον
1309 1171 1393 1251 μέλος

322 1274 498 1336 ἐπαυλεῖται.
521 1312 565 1322 -
587 1283 647 1337 862
671 1270 753 1336 δεινά
776 1278 915 1352 μυκᾶται.
945 1310 987 1322 -
1018 1279 1042 1338 Ι.
1068 1279 1101 1337 Τ.
1130 1283 1209 1338 1358
1233 1271 1393 1358 στεναγμιλν

322 1371 399 1455 ἡδάν
422 1374 649 1459 ἐκβρυχώμενοι.
671 1414 715 1424 -
736 1381 800 1440 Alc.
826 1380 886 1439 772
910 1373 1016 1457 άμουσ’
1042 1371 1186 1440 άλακτοῖν.

409 1484 676 1544 Accusativus
707 1483 805 1543 viae.
829 1515 870 1528 —-
894 1482 953 1546 Qui
976 1504 1152 1564 quamquam
1174 1485 1207 1543 in
1228 1482 1395 1559 grammati·

324 1585 365 1644 cis
387 1606 446 1645 una
468 1607 534 1646 cum
557 1607 615 1647 acc.
631 1587 789 1647 transitivo
805 1587 926 1646 tractari
949 1588 1032 1660 sciet,
1054 1589 1091 1646 ab
1113 1607 1147 1647 ec
1164 1587 1290 1646 multum
1305 1585 1396 1644 distat

323 1694 354 1748 et
375 1689 573 1766 seiungendus
596 1695 649 1749 est.
695 1691 793 1749 Verba
809 1689 888 1749 enim
909 1689 1000 1749 eundi
1015 1690 1205 1750 intransitiva
1220 1695 1297 1765 sunt,
1320 1707 1395 1769 quac

324 1790 448 1865 obiecto,
471 1797 529 1872 quo
552 1812 583 1851 se
605 1795 743 1866 referant,
773 1811 833 1851 non
855 1798 952 1869 egent,
974 1811 1152 1873 nequeacc.
1175 1793 1226 1852 ille
1248 1792 1394 1852 obiectum

324 1894 409 1952 verbi
431 1894 555 1954 actionis
578 1894 719 1968 continet,
745 1896 796 1954 sed
818 1895 977 1968 liberrime,
1000 1895 1086 1954 verbi
1101 1895 1318 1971 significatione
1335 1912 1395 1952 non

324 1997 507 2056 desideratus
523 1988 645 2058 accedit.
689 1998 750 2057 Nos
769 2017 887 2079 quoqne
910 2000 1010 2057 eadem
1029 1997 1144 2058 ratione
1162 1998 1328 2057 accusativo
1350 1995 1396 2055 uti

326 2105 428 2158 notum
451 2105 496 2160 est
517 2119 614 2180 neque
637 2101 765 2160 alatina
778 2100 889 2178 ⁴lingua
911 2100 1003 2160 afuit:
1029 2102 1065 2161 cf.
1084 2121 1227 2178 campum,
1249 2101 1315 2171 iter,
1338 2102 1396 2158 sta-

326 2202 406 2261 dium
428 2223 554 2277 onrrere‚
576 2223 668 2264 novas
690 2203 756 2264 vias
777 2203 821 2263 ire
844 2211 899 2263 etc.
944 2202 1075 2268 Quarum
1098 2204 1260 2264 dictionum
1282 2201 1396 2262 radices

326 2305 352 2364 si
375 2312 573 2385 quaeruntur,
595 2309 631 2366 ab
654 2306 760 2366 omisso
783 2327 841 2366 acc.
864 2309 1047 2367 revocandae
1070 2312 1154 2380 sunt,
1184 2312 1218 2366 nt
1239 2313 1336 2366 crtum
1358 2304 1397 2363 sit

328 2401 402 2467 άδδυ
424 2407 547 2488 δραμεῖν
569 2430 607 2469 ex
629 2403 742 2489 δρόμον
765 2401 839 2469 άδοῦ
862 2407 923 2489 δρ.,
946 2430 1081 2488 campum
1101 2429 1219 2470 currere
1241 2429 1279 2468 ex
1302 2405 1397 2483 campi

327 2531 443 2570 cursum
463 2532 486 2571 c.
532 2510 627 2576 Quam
648 2513 791 2588 originem
812 2533 1031 2593 nonnumquam
1053 2511 1198 2573 oblivioni
1220 2514 1317 2571 datam
1334 2528 1397 2569 esse

327 2615 545 2695 scriptoresque
559 2616 660 2676 verbis
676 2617 765 2693 plane
780 2617 968 2676 transitivam
988 2617 1050 2676 vim
1067 2615 1207 2674 tribuisse
1227 2613 1285 2674 loci
1300 2618 1396 2673 osten-

327 2719 410 2790 dunt,
433 2719 541 2798 quibus
563 2721 641 2796 apud
662 2719 814 2796 passivum
836 2739 894 2779 acc.
917 2719 969 2779 ille
999 2719 1182 2779 nominativo
1204 2723 1343 2789 mutatur,
1365 2719 1398 2775 ut

328 2820 447 2884 Quinct.
475 2827 501 2881 1.
526 2828 554 2882 4.
580 2827 619 2881 28
643 2842 762 2899 campus
792 2822 936 2895 curritur,
968 2842 1049 2882 mare
1074 2822 1231 2898 navigatur
1252 2841 1297 2900 aq.
1341 2819 1399 2878 Sed

331 2926 410 3003 qnod
431 2925 508 2984 hanc
529 2925 696 2985 libertatem
728 2925 816 3002 pauci
837 2927 923 2986 modo
945 2926 1104 3003 scriptores
1125 2924 1227 3002 paucis
1247 2923 1319 2983 locis
1340 2921 1399 2982 sibi

328 3027 536 3104 permiserunt,
564 3028 732 3089 testimonio
755 3035 815 3101 est,
847 3029 978 3104 linguam
999 3045 1100 3089 veram
1122 3028 1210 3087 huius
1232 3046 1290 3086 acc.
1313 3029 1398 3084 natu-

328 3151 391 3190 ram
422 3151 483 3190 non
513 3130 697 3206 ignoravisse
726 3151 825 3211 neque
853 3130 1000 3192 obiectum
1030 3131 1220 3191 transitivum
1250 3149 1316 3188 enm
1346 3129 1398 3186 ha·

329 3233 437 3293 buisae.
482 3233 605 3293 Omissis
627 3234 728 3294 multis
749 3235 837 3309 locis,
870 3235 922 3314 qui
943 3234 1012 3293 miri
1033 3234 1110 3293 nihil
1131 3233 1317 3305 contineant,
1349 3249 1398 3290 eos

330 3338 416 3395 modo
444 3336 475 3394 in
505 3337 634 3396 medium
655 3339 818 3414 proferam,
850 3337 883 3397 in
911 3337 1017 3417 quibus
1040 3335 1233 3418 quaesitiores
1254 3335 1398 3395 dictiones

330 3435 519 3499 exhibentur.

414 3543 455 3600 H.
477 3522 499 3602 ί.
524 3548 585 3601 660
617 3537 738 3613 δισσοιλς
769 3536 807 3601 dv
836 3540 908 3619 ἔβαν
938 3540 1078 3613 διαύλους
1107 3547 1138 3603 et
1169 3547 1248 3603 1089
1279 3539 1400 3600 δίαυλον

331 3637 428 3722 μολοίν
449 3647 485 3704 de
501 3646 640 3706 Herculis
661 3645 769 3706 itinere
792 3647 829 3706 ad
849 3646 961 3707 inferos
983 3651 1121 3725 retroque
1143 3645 1176 3704 in
1192 3651 1300 3705 terram
1321 3646 1399 3704 facto

331 3748 449 3809 dicitur.
469 3782 512 3792 —
528 3753 587 3808 855
610 3749 704 3829 Lyssa
726 3749 799 3809 dicit
821 3740 862 3808 οἷ’
889 3742 945 3829 ἐμοί
968 3741 1072 3808 στάδια
1094 3747 1264 3828 δραμοῦμαι
1281 3744 1401 3826 στέρνον

331 3849 373 3922 είς
386 3843 569 3931 Ἡρακλέους.
613 3854 637 3912 Ι.
658 3853 692 3912 Τ.
710 3858 770 3913 411
795 3848 942 3933 παράλιον
958 3845 1090 3930 αίγιαλδν
1106 3845 1275 3932 δραμόντες.
1316 3851 1400 3911 Seid·

331 3955 387 4015 leri
420 3955 624 4015 emendatione
660 3950 732 4034 παρ’
774 3949 817 4015 δίλ.
858 3976 931 4033 opus
967 3975 1027 4014 non
1063 3974 1127 4014 esse
1162 3954 1237 4014 mihi
1273 3954 1400 4013 videtur.

332 4058 400 4117 Hel.
428 4062 508 4116 1116
531 4049 577 4116 ὅτ’
600 4055 701 4134 ίμολεν
723 4055 816 4132 ἔμολε,
843 4056 930 4117 πεδία
952 4051 1095 4140 βαρβάρῳ
1118 4051 1214 4139 πλάτρι
1236 4049 1270 4126 δς
1292 4053 1400 4136 ἔδραμε

333 4152 434 4236 βάθια,
458 4155 543 4235 μέλεα
562 4159 744 4239 Πριαμίδαις
766 4153 846 4240 tyna
868 4158 957 4238 λέχεα.
1004 4162 1050 4220 Ita
1066 4161 1221 4236 legendum
1239 4179 1303 4220 esse
1325 4161 1399 4219 mihi

332 4264 451 4324 videtur
469 4263 633 4322 coniunctis
655 4260 740 4340 μέλεα
761 4261 842 4341 λέχεα
865 4271 896 4324 et
916 4262 1004 4322 πεδία
1027 4257 1128 4342 ῥόθια.
1171 4263 1291 4322 Poetam
1311 4263 1400 4339 enirn,
