3222 4936
704 459 918 527 ..32-

277 625 368 694 πόδα.
406 639 468 693 802
492 626 583 711 ἒκβός
605 632 779 712 τεθρίππων
803 625 943 712 όρμόιαν
967 655 997 691 π.
1041 635 1066 694 Ι.
1091 633 1124 695 Τ.
1149 639 1209 694 638
1232 628 1273 704 εἰς
1294 623 1351 692 πό-

275 757 349 817 τραν
370 757 401 797 π.
426 731 592 814 ἐπεμβάσει.
636 739 685 797 Ita
707 737 873 816 Elmsleyus
893 737 1012 817 quidem
1032 737 1181 812 eleganter
1203 719 1256 813 pro
1279 731 1345 794 ποτ’

276 840 404 918 scripsit.
456 841 520 900 Ale.
545 844 630 923 1156>
657 840 740 899 eodd.
773 839 943 916 discrepant
972 839 1051 899 inter
1081 835 1220 916 νόστιμον
1249 833 1350 908 ἔλθοις

278 937 358 1003 πόδα
382 949 411 1002 et
434 965 458 1001 ν.
482 939 506 1002 ἒ.
530 933 610 1002 όδόν.
655 943 788 1021 Utraque
815 942 903 1002 leutio
933 943 1005 1002 ferri
1027 948 1125 1020 potest
1155 948 1185 1002 et
1207 961 1350 1022 quaenam

278 1052 359 1107 reeta
381 1045 436 1119 sit,
467 1045 521 1106 vix
552 1044 707 1124 quisquam
729 1044 909 1122 probaverit.
953 1045 1117 1105 Mutatione
1140 1051 1240 1105 autem
1269 1041 1350 1118 ποδί,

277 1151 309 1208 in
341 1169 430 1229 quam
452 1147 589 1209 nonnulli
611 1148 738 1207 editores
769 1147 909 1225 propensi
940 1149 1076 1221 fuerunt,
1106 1168 1179 1226 opus
1210 1168 1269 1208 non
1298 1152 1351 1206 est.

278 1253 449 1312 Derivanda
479 1257 524 1311 est
553 1251 670 1328 poetioa
706 1249 758 1310 illa
795 1249 885 1311 diutio
924 1271 941 1311 a
969 1251 1096 1311 formula
1131 1243 1227 1321 ποδός
1262 1244 1352 1329 βόσιν

280 1354 401 1432 βαίνειν.
868 1362 871 1368 ’

363 1459 474 1518 Eodem
497 1459 582 1517 modo
605 1456 717 1517 dietum
739 1456 957 1518 astruentes
980 1454 1012 1517 ἐκ
1037 1449 1067 1517 δ’
1090 1449 1276 1535 attrivistis
1297 1455 1353 1535 γῆς

279 1552 467 1619 ἀπαλλάσσου
483 1553 571 1620 πόδα.
610 1551 863 1620 Ἀπυλλόσσεσθαι
879 1565 924 1622 est
938 1560 1094 1638 profluisei,
1116 1559 1207 1620 abire.
1251 1559 1354 1619 Gram-

279 1665 385 1723 matioa
407 1663 499 1739 igitur
521 1663 644 1723 offensio
678 1663 778 1723 verbis
801 1685 860 1724 non
881 1664 969 1738 inest,
1000 1683 1097 1744 nequo
1119 1663 1246 1722 Nauokii
1269 1661 1353 1720 dubi-

280 1767 408 1826 tationes
430 1766 607 1839 curaverim,
641 1765 695 1844 qui
723 1767 802 1825 huno
824 1787 942 1826 versum
966 1766 1175 1844 repetitionem
1197 1767 1353 1825 verborum

281 1869 519 1929 antecedentium
541 1869 694 1929 continere
717 1875 747 1928 et
768 1868 933 1929 eioiendum
957 1889 1021 1930 esse
1042 1871 1211 1929 arbitratur.
1246 1869 1353 1944 Repe·

279 1972 347 2032 titio
371 1970 450 2032 enim
471 1971 525 2030 illa
547 1991 606 2032 non
628 1991 845 2048 supervacanea
867 1976 918 2032 aut
939 1972 1062 2032 molesta
1084 1978 1142 2046 est,
1175 1971 1264 2030 immo
1288 1990 1353 2030 oum

281 2076 428 2149 gravitate
458 2076 531 2134 haec
561 2076 651 2136 verba
682 2073 755 2134 dioit
776 2078 894 2151 Aegeus
923 2080 953 2135 et
974 2081 1130 2156 postquam
1159 2082 1259 2148 antea,
1290 2093 1353 2134 sese

281 2179 424 2252 Medeam,
449 2177 474 2236 si
496 2177 561 2255 ipsa
583 2181 614 2238 et
635 2178 713 2237 ultro
735 2179 771 2236 ad
794 2197 825 2237 se
847 2179 972 2252 venerit,
995 2179 1183 2239 defensurum
1206 2197 1269 2237 esse
1286 2196 1355 2252 pro·

280 2283 376 2341 fessus
399 2286 459 2354 est,
492 2281 550 2340 iam
580 2301 644 2340 earn
673 2281 862 2355 exhortatur,
895 2286 930 2343 ut
951 2288 1058 2342 terram
1081 2282 1145 2361 (sel.
1168 2279 1354 2357 Corinthum)

282 2384 454 2463 relinquens
478 2386 610 2444 Athenas
632 2404 695 2444 sese
718 2389 879 2446 eonvertat.

366 2487 432 2562 Alo.
449 2492 509 2546 882
526 2479 593 2546 οὔτ’
608 2481 657 2546 ἐπὶ
672 2485 758 2565 χαλας
773 2479 853 2546 πόδα
868 2480 1006 2560 πεζεύειν.
1028 2488 1087 2560 πεζ.
1104 2490 1150 2547 est
1162 2487 1288 2564 pedibus
1302 2486 1355 2546 ire.

283 2590 352 2650 Hel.
373 2590 432 2648 527
458 2588 651 2660 nestorianis
674 2585 723 2648 ἐπὶ
745 2591 800 2668 χᾶς
822 2582 903 2649 πόδα
924 2583 1138 2669 χριμπτόμενος
1158 2589 1178 2648 i.
1202 2609 1226 2651 e.
1249 2609 1355 2666 appro-

165 2706 167 2711 ·
282 2692 440 2770 pinquans.
463 2727 504 2737 —-
526 2693 594 2752 Non
623 2685 703 2750 πόδα
726 2692 819 2752 solum
841 2692 885 2752 ite
906 2692 1070 2752 adhibitum
1093 2712 1156 2752 esse
1186 2697 1309 2769 apparet
1337 2711 1353 2750 e

284 2796 375 2856 Phoe.
395 2798 475 2854 1417
499 2787 616 2873 προβδς
639 2789 670 2853 δὲ
693 2796 791 2854 κοῖλον
806 2789 911 2867 δεξιόν.
955 2796 1006 2856 Or.
1028 2793 1107 2855 1470
1125 2787 1280 2870 Μυκηνίδ’
1303 2787 1355 2869 ἆρ-

283 2891 377 2974 βόλαν
399 2890 532 2976 προβός,
563 2917 637 2977 quae
659 2897 807 2974 analogia¹
822 2897 875 2958 illa
897 2899 989 2958 fretus
1010 2897 1134 2958 liberius
1159 2902 1247 2975 poeta
1267 2895 1354 2955 dixit.

191 3053 195 3060 .
284 2991 411 3078 ’Λρβόλη
433 2998 512 3059 enim
535 3020 596 3059 non
618 3000 701 3077 pedis
723 2999 971 3077 significationem
993 3001 1140 3075 eontinet,
1166 3001 1217 3059 sed
1242 2998 1355 3058 oaleeus

285 3107 337 3176 est,
361 3123 420 3184 quo
438 3104 556 3163 Orestes
571 3103 745 3180 ingreditur.
789 3103 929 3165 Consulto
945 3105 1068 3163 fortasse
1087 3107 1175 3181 poeta
1191 3101 1355 3182 quaesitum

285 3205 374 3266 huius
396 3205 478 3266 rosis
503 3226 588 3266 usum
609 3205 721 3281 statuit,
749 3226 806 3286 quo
829 3206 921 3282 magis
943 3226 1007 3266 eam
1031 3206 1161 3277 efferret3
1184 3225 1253 3264 nam
1274 3203 1356 3263 Wei-

285 3308 343 3368 lius
364 3314 443 3368 resto
466 3311 603 3384 adnotat,
629 3309 771 3370 rusticum
793 3315 824 3370 et
845 3328 964 3385 gravem
985 3309 1064 3369 huno
1086 3308 1216 3368 calseum
1238 3306 1357 3384 opposi-

286 3417 349 3472 tum
380 3430 443 3470 esse
475 3412 585 3473 teneris
616 3418 646 3472 et
676 3413 792 3473 levibus
823 3411 942 3486 reginae
972 3411 1080 3484 sooois,
1115 3430 1240 3491 quorum
1269 3411 1355 3469 modo

286 3513 397 3574 mentio
419 3515 496 3574 tauta
518 3519 564 3574 est
584 3508 849 3592 (χρυσεοσάνδαλον
870 3510 972 3592 ἴχνος).

373 3618 441 3677 Non
464 3617 671 3678 contundenda
699 3636 765 3675 enm
796 3616 843 3676 his
873 3619 943 3676 sunt
963 3615 1055 3676 verba
1075 3614 1249 3689 transitiva,
1282 3635 1357 3696 quas

286 3721 387 3780 addito
417 3739 476 3779 eeu.
500 3712 580 3777 πόδα
601 3718 820 3780 intransitivem
843 3719 993 3780 notionem
1022 3717 1188 3796 ascipiunt:
1218 3718 1291 3779 Heu.
1316 3723 1355 3778 53

287 3826 363 3905 περᾷ
387 3816 441 3901 γόρ
464 3813 514 3896 ἥδ’
540 3812 599 3881 dat
623 3823 735 3899 σκηνῆς
765 3815 852 3882 πόδα.
893 3826 973 3881 1050
996 3822 1040 3907 πᾷ
1062 3813 1134 3882 πόδ’
1156 3815 1282 3906 ἐπᾴξαςς
1307 3822 1356 3880 Or.

293 3931 372 3985 1336
396 3917 496 3982 διόκοο
519 3915 569 3982 τόν
592 3917 664 4001 ἐμόν
686 3922 728 3994 εἰς
750 3917 864 4002 δόμους
882 3918 972 3987 πόδα·

374 4027 419 4085 ΕΙ.
439 4031 498 4086 858
522 4021 627 4104 νεβρός
649 4020 791 4106 οόρόνιον
813 4020 937 4105 πήδημα
952 4025 1144 4104 κουφίζουσα.
1188 4028 1258 4106 Sup.
1276 4032 1355 4088 1050

289 4123 372 4206 όρνις
394 4149 437 4198 τις
459 4120 527 4188 riost
550 4124 694 4206 δύστηνον
713 4124 850 4212 αἱόρημα
865 4131 1006 4207 κουφίζω.
1051 4132 1183 4211 Utroque
1203 4131 1269 4192 looo
1291 4151 1358 4195 vor-

288 4235 358 4300 bum
389 4232 613 4293 intransitivum
643 4238 696 4294 est.
741 4235 782 4295 Gt.
805 4235 895 4313 Soph.
918 4235 964 4295 Αἱ.
990 4235 1071 4296 1287
1102 4227 1179 4312 ἅλμα
1209 4237 1357 4310 noverria,
