3222 4936
666 463 878 528 ...37-

238 639 298 694 528
315 630 390 714 έρως
407 625 503 694 όκατ’
516 625 657 712 άμμάτων
673 629 784 710 στάζων
799 632 908 698 πόθον.
938 641 985 700 Ita
995 640 1028 700 in
1042 641 1169 703 lectione
1178 641 1307 703 maxime

236 737 326 796 dubia
348 738 525 816 scripserim.
573 739 722 801 Inoertum
745 747 842 801 autem
865 749 919 814 eet,
940 745 977 802 ad
999 763 1156 825 quemnam
1173 753 1339 822 spectent·¹

236 832 303 898 κατ’
325 831 408 917 όμμ.,
439 842 600 914 addeum,
635 844 748 923 quiex
778 844 870 904 oeulis
899 865 1026 905 amorem
1049 848 1169 923 fundat,
1201 869 1238 908 an
1269 851 1306 908 ad

236 948 382 1003 amantem
415 948 467 1004 ant
498 950 641 1017 amatum,
675 945 758 1006 ouius
787 947 819 1006 in
843 949 943 1008 oeulos
965 950 1117 1011 fundatur.
1161 951 1307 1030 Equidem

236 1047 330 1106 verba
360 1048 398 1105 ad
433 1046 527 1142 ipsiqs
560 1048 682 1109 Amoris·
708 1051 808 1110 oeulos
839 1052 1053 1126 revocaverim,
1092 1056 1194 1114 eodem
1222 1056 1308 1114 modo
1344 1082 1349 1093 ·

236 1149 316 1209 dieta
337 1151 410 1209 utI.
425 1153 463 1210 A.
483 1156 561 1210 1466
586 1143 643 1210 οόκ
666 1148 705 1211 re
724 1147 838 1226 στάζειν
853 1148 958 1233 δάκρυ.
981 1188 1023 1199 -
1045 1156 1113 1216 Ηο1.
1131 1163 1192 1216 634
1209 1151 1306 1236 δάκρυ

236 1245 397 1311 σταλάσσω.
442 1253 515 1330 Hip.
539 1255 599 1312 734
633 1250 710 1313 ἔνθα
741 1249 935 1316 σταλάσσουσι
965 1251 1052 1336 κόραι
1083 1253 1222 1338 δακρύων
1254 1253 1307 1330 τάς

235 1347 445 1435 ἤλικτροφαεῖς
477 1349 578 1435 αόγάς.
622 1357 732 1433 Agitur
756 1361 792 1418 de
814 1360 1011 1421 Phaethontis
1032 1362 1196 1437 sororibus,
1230 1382 1306 1442 quae

232 1461 356 1520 fratrem
369 1460 580 1536 interemptum
595 1461 768 1521 miserantes
789 1463 821 1521 in
844 1464 963 1523 arbores
978 1468 1106 1524 mutatae
1128 1484 1192 1525 esse
1206 1485 1305 1525 narra·

234 1566 356 1638 bantur,
379 1583 562 1644 quarumque
584 1563 720 1623 lacrimae
742 1565 775 1623 in
797 1566 938 1625 electrum
960 1568 1083 1626 duratae
1105 1573 1183 1628 sunt.
1225 1568 1305 1628 And.

237 1671 317 1727 1018
340 1659 471 1744 σκηπτδς
491 1659 661 1726 σταλάσσων
684 1665 765 1726 Atta
787 1661 894 1742 φόνον.

318 1770 445 1830 Verba
477 1769 669 1846 spirandi.
721 1771 787 1830 Alo.
811 1776 870 1830 509
902 1772 962 1851 πῦρ
993 1767 1116 1832 πνέουσι
1145 1765 1305 1852 μυκτήρων

234 1865 302 1933 άπο.
347 1874 426 1935 Ι.Ἰ“.
451 1878 511 1933 280
535 1875 595 1952 πῦρ
627 1870 678 1933 καὶ
708 1869 804 1947 φόνον
827 1895 875 1933 πν.
919 1877 965 1936 ΕΙ,
990 1875 1051 1936 702
1077 1876 1166 1934 Πᾶνα
1189 1876 1305 1952 μοῦσαν

236 1967 391 2056 ἡδύθροον
413 1973 548 2036 πνέοντα.
593 1977 667 2038 Rhe.
686 1978 745 2038 778
767 1969 868 2053 θυμόν
890 1999 939 2037 πν.
983 1981 1007 2039 Ι.
1023 1982 1058 2039 A.
1081 1984 1159 2038 1324
1182 1970 1304 2037 άνταίαν

237 2073 359 2155 πομπάν
381 2100 430 2139 πν.
475 2078 515 2138 Η.
537 2080 558 2140 f.
584 2084 644 2138 854
674 2083 822 2157 κεραυνοῦ
851 2074 879 2139 τ’
909 2073 1026 2160 οἶστρος
1055 2075 1166 2151 άδῑυας
1195 2077 1303 2141 πνέων.

240 2183 318 2243 1079
340 2177 436 2253 πνοάς
457 2174 574 2262 θερμάς
590 2178 669 2240 πνέω
692 2176 824 2262 μετάρσι’
847 2179 884 2242 οὐ
907 2179 1014 2261 βέβαια
1032 2178 1212 2261 πνευμόνων
1233 2177 1301 2244 άπο.

236 2286 376 2347 Poterant
396 2286 543 2346 adieetiva
564 2306 672 2362 genere
694 2286 838 2346 feminino
861 2293 894 2347 ut
916 2280 1032 2366 θερμάς
1053 2289 1091 2346 ad
1111 2309 1160 2346 πν.
1184 2289 1304 2359 attrahi,

235 2392 285 2448 sed
306 2389 475 2450 liberiorem
504 2389 656 2469 magisque
678 2389 825 2466 poetieam
853 2390 1014 2450 dictionem
1043 2395 1130 2467 poeta
1152 2390 1303 2466 praetulit,

234 2514 320 2573 quam
343 2512 431 2570 saepe
454 2511 513 2552 non
536 2492 698 2552 inveneris.
742 2496 886 2552 Aeourate
909 2499 1006 2552 autem
1029 2493 1129 2552 verbis
1151 2493 1303 2552 examina·

231 2598 270 2657 tie
302 2598 368 2657 fieri
390 2616 458 2656 non
480 2602 591 2672 potest,
627 2595 705 2676 quiu'
729 2597 786 2656 duo
815 2596 997 2657 aecusativus
1019 2595 1214 2656 immanentes
1236 2616 1302 2655 oum

230 2702 323 2760 verbo
346 2701 517 2760 eoniunetos
547 2719 609 2758 esse
631 2704 801 2759 statuamus.
846 2702 922 2759 And.
947 2703 1007 2758 189
1030 2695 1062 2759 οἱ
1087 2691 1142 2779 γάρ
1166 2694 1303 2768 πνέοντες

233 2795 351 2883 μεγάλα.
391 2809 451 2862 826
481 2796 602 2862 τοσόνδε
629 2822 678 2862 πν.
723 2805 774 2862 Ba.
799 2809 858 2862 630
882 2798 964 2881 μέγα.
1009 2802 1072 2863 Ale.
1096 2808 1157 2863 210
1181 2799 1302 2879 έμπνεῐν

232 2899 365 2985 σμικρόν.
409 2906 501 2965 Phoe.
527 2909 607 2964 1424
630 2898 734 2984 βραχό.
779 2905 852 2983 Hip.
879 2911 958 2965 1285
990 2897 1103 2983 βραχδν
1132 2898 1170 2982 δὴ
1199 2904 1302 2982 βίοτον

232 3006 366 3086 έμπνέων
389 3004 439 3067 έτι.
482 3008 548 3067 Tro.
577 3013 655 3067 1268
680 2995 704 3066 oi
727 3000 836 3086 μεγάλα
866 2999 975 3084 δήποτ’
998 2999 1171 3083 άμπνέουσα
1198 3004 1299 3084 Τροία.

232 3113 362 3172 Verbum
384 3112 485 3186 φυσᾶν
507 3117 619 3172 exstat:
647 3113 673 3174 L
695 3111 729 3171 Τ.
753 3115 813 3170 295
839 3103 971 3187 κόχλους.
1015 3111 1041 3169 1.
1064 3115 1100 3170 A.
1124 3113 1185 3170 376
1209 3105 1300 3169 δεινά.

315 3217 442 3279 Verba
481 3213 691 3291 spectandi
727 3214 939 3291 pulcherrimas
976 3213 1121 3273 dictiones
1157 3213 1300 3275 efficiunt

233 3322 282 3380 Or.
298 3325 360 3379 214
382 3310 472 3376 λεπτά
494 3310 550 3397 γάρ
565 3311 677 3377 λεόσσω
693 3311 806 3396 κόραις.
838 3322 896 3376 381
920 3309 1017 3376 δεινόν
1032 3318 1057 3376 λ.
1073 3351 1116 3362 -
1129 3316 1222 3376 Phoe.
1239 3315 1299 3376 378

232 3415 339 3483 σκότον
374 3409 531 3500 δεδορκοός.
586 3423 654 3498 (lya.
687 3421 746 3480 507
784 3412 874 3480 καλόν
913 3412 1024 3497 ὄμμασι
1062 3412 1218 3499 δεδορκάς.
1257 3453 1299 3464 -

230 3527 287 3586 Ion
317 3525 377 3584 758
416 3517 487 3583 όταν
523 3519 622 3600 βλέπω
655 3516 760 3603 βραχά.
811 3524 847 3583 fr.
877 3529 936 3583 509
972 3513 1032 3594 όξά.
1083 3523 1149 3583 Alo.
1178 3525 1238 3583 785
1273 3521 1301 3581 ιλ

232 3621 340 3704 σεμνόν
369 3623 420 3686 καλ
451 3619 652 3706 πεφρουτικδς
679 3622 810 3703 βλέπειςς
843 3626 903 3686 270
926 3613 1106 3686 Kirehhoffii
1132 3625 1301 3686 oonieetura

229 3722 280 3791 ὑπ’
302 3723 414 3810 όφρυσι
443 3723 608 3809 κυαναυγές
638 3724 771 3806 βλέπων,
805 3729 877 3789 satis
906 3729 959 3788 illa
988 3729 1108 3807 quidem
1130 3729 1247 3802 elegans
1270 3732 1301 3788 et

229 3840 316 3912 poeta
338 3833 437 3909 digna,
458 3853 528 3892 num
544 3832 715 3911 aeoipienda
736 3833 776 3893 sit
796 3853 850 3909 pro
866 3828 1055 3911 κυανανγέσι,
1079 3829 1217 3911 equidem
1239 3851 1299 3891 non

230 3937 468 4010 diiudicaverim5
492 3937 603 4013 pendet
623 3937 696 3996 haee
719 3936 851 4016 quaestio
875 3956 891 3996 e
912 3942 1005 3995 metro
1028 3939 1059 3993 et
1079 3952 1217 3994 versuum
1240 3932 1299 3991 dis-

229 4040 391 4118 positione,
423 4059 510 4120 quam
532 4039 607 4098 alius
629 4039 724 4099 editor
749 4040 807 4099 alio
829 4041 915 4100 modo
938 4037 1100 4098 coustituit.
1144 4036 1213 4112 Gyo.
1237 4040 1297 4094 548

229 4136 275 4203 ότι
297 4135 388 4202 καλόν
410 4138 516 4219 βλέπω.
561 4142 642 4202 LA.
659 4147 717 4201 641
742 4135 875 4217 adarpios.
921 4144 975 4202 Ion
1002 4145 1081 4200 1265
1105 4136 1218 4214 έφνσας
1242 4158 1296 4196 πν-

229 4239 282 4326 ρδς
312 4236 452 4325 δράκοντ’
483 4236 686 4324 άναβλέποντα
718 4244 839 4320 φοινίαν
876 4237 981 4324 φλόγα.
1033 4244 1104 4321 Sup.
1128 4247 1188 4302 328
1223 4231 1298 4325 δρᾷς
