3222 4936
717 468 928 534 ..33-

290 633 418 720 ἀβοολος
449 634 489 712 οἷς
510 638 744 720 κεκερτομημένη
776 644 838 710 τοῖς
859 640 1056 719 κερτομοῦσιν
1077 630 1185 718 γοργάν
1206 634 1269 715 (vel
1289 655 1359 713 γορ-

289 737 368 826 γόν’)
392 737 433 815 ἀς
454 736 610 820 ἀναβλέπει
632 736 669 819 ori
685 742 806 820 πατρλς;
830 742 944 807 Quibus
966 743 998 801 in
1013 741 1112 802 verbis
1135 761 1201 800 oum
1217 729 1257 806 ἀς
1271 737 1360 796 itera·

290 853 354 907 tum
376 848 505 922 languet,
529 852 593 907 tum
615 839 745 924 ἀβουλος
768 845 928 905 difficulter
951 844 1140 904 construitur.
1186 842 1282 902 Multa
1303 839 1360 898 dif-

288 951 430 1010 ficultatis
465 951 659 1009 removendae
681 969 767 1009 eausa
788 949 940 1025 proposita
961 954 1039 1020 sunt,
1067 966 1083 1006 e
1105 945 1212 1026 quibus
1233 943 1361 1002 maxime

288 1053 363 1112 mihi
386 1039 528 1129 probatur
550 1051 715 1110 Hermenni
738 1051 906 1110 oonieotura
929 1043 1075 1127 ἀβούλως.
1090 1099 1108 1142 0
1122 1047 1233 1123 „Vides
1261 1053 1295 1106 ut
1315 1045 1361 1103 in·

290 1157 474 1216 considerate
485 1154 657 1232 vituperant
667 1154 793 1230 patriam
804 1159 893 1226 tuam,
909 1153 962 1232 qui
974 1153 1001 1211 ei
1014 1152 1200 1227 Gorgoneum
1211 1154 1362 1227 aspeotum

291 1260 500 1335 exprobrant“,
524 1277 599 1336 quae
621 1259 713 1316 verba
734 1258 770 1316 ad
793 1255 1022 1315 Atheniensium
1044 1255 1076 1314 in
1098 1253 1186 1313 bellis
1208 1251 1363 1312 movendis

290 1361 472 1421 eeleritatem
487 1360 642 1418 referenda
663 1364 741 1417 sunt.
785 1360 968 1418 Exhortatur
987 1357 1065 1416 enim
1080 1358 1194 1416 Aethra
1209 1355 1363 1425 Theseum,

290 1483 327 1522 ne
350 1462 460 1521 abello
483 1481 549 1520 oum
565 1461 715 1520 Thebanis
731 1461 860 1535 gerendo
876 1461 1049 1533 abhorreat;
1072 1460 1098 1518 si
1119 1458 1197 1518 iusta
1220 1458 1255 1516 de
1278 1475 1364 1515 eausa

290 1571 417 1640 geratur,
440 1562 614 1641 opprobrie,
642 1583 717 1640 quae
739 1561 772 1620 in
794 1563 991 1622 Athenienses
1014 1567 1135 1639 propter
1157 1559 1281 1619 nimium
1304 1559 1365 1618 bel-

290 1667 372 1726 landi
402 1666 531 1726 studium
554 1658 759 1739 conferantur,
793 1664 896 1724 inania
925 1685 988 1724 esse
1018 1665 1187 1743 talibusque
1215 1663 1366 1722 laboribus

292 1769 443 1830 civitatem
466 1767 576 1842 augeri.

378 1873 531 1930 Praeclare
553 1870 665 1930 dietum
687 1874 733 1930 est
754 1871 832 1928 Med.
858 1874 916 1930 189
947 1865 1059 1948 δέργμα
1087 1867 1203 1944 λεαίνης
1234 1860 1364 1927 ἀποταν-

292 1977 397 2050 ροῦται
430 1972 542 2048 δμωσλν
573 1973 616 2032 sie
639 1971 732 2031 blioht
762 1972 835 2032 stier
864 1972 920 2032 mit
949 1975 1016 2031 dem
1038 1971 1124 2031 Bliok
1147 1971 1229 2030 einer
1252 1970 1364 2030 wain.

293 2076 377 2141 Quae
399 2076 485 2136 verbi
507 2069 594 2134 ἀκοτ.
619 2075 702 2134 notio
722 2077 864 2152 probatur
885 2075 978 2135 altera
1000 2075 1139 2148 dictione,
1162 2095 1237 2154 quae
1258 2074 1367 2150 legitur

293 2201 323 2240 v.
348 2185 387 2237 92
418 2169 499 2237 εἶδόν
529 2198 575 2237 νιν
604 2171 685 2254 ὄμμα
707 2173 922 2256 ταορονμένην.
965 2179 1067 2238 solum
1090 2199 1173 2256 ταυρ.
1205 2177 1255 2236 vel
1278 2171 1366 2235 ἀποι.

292 2288 352 2341 est:
375 2287 477 2340 taurus
499 2281 541 2354 fit,
565 2280 613 2341 oui
634 2272 716 2356 ὄμμα
739 2281 872 2354 additur,
896 2286 930 2340 ut
951 2300 1094 2357 persaepe
1116 2280 1247 2357 eorporis
1269 2288 1368 2357 partes

291 2384 457 2444 accusativo
481 2388 607 2442 exstant.
652 2383 739 2443 Hane
769 2389 867 2443 autem
888 2383 1050 2443 dictionem
1071 2383 1125 2442 illo
1155 2383 1220 2443 loeo
1243 2383 1368 2442 liberius

291 2493 378 2564 poeta
399 2485 576 2545 immutavit

378 2589 504 2651 Verba
540 2589 709 2649 dicendi.
761 2607 790 2650 v.
821 2608 850 2665 p.
877 2588 913 2648 17
937 2607 980 2667 sq.
1019 2588 1063 2648 El.
1091 2592 1151 2647 144
1177 2583 1224 2647 σοὶ
1255 2584 1366 2648 έννέκω

297 2683 388 2771 γόους
416 2690 606 2764 Klageworte
637 2709 735 2766 sagon.
781 2689 846 2750 Tro.
872 2695 932 2750 842
962 2683 995 2750 ro*
1019 2686 1071 2764 μὲν
1094 2678 1149 2750 οὖν
1171 2683 1246 2762 Acir
1268 2683 1367 2750 οὐκέτ’

298 2786 414 2861 ὄνειδος
443 2789 509 2869 έροῖ.
554 2793 579 2852 Ι.
602 2799 638 2851 Α.
665 2794 744 2851 1187
775 2791 857 2862 τίνας
888 2784 974 2869 εάχάς
1006 2790 1099 2872 έρεῖς;
1129 2794 1169 2852 Η.
1191 2795 1213 2853 f.
1237 2798 1316 2853 1121
1341 2792 1369 2853 rt

294 2889 421 2970 πόλεμον
444 2886 547 2967 εἶπας,·
580 2895 655 2954 Rhe.
681 2898 718 2953 51
751 2886 791 2962 ἀς
821 2914 886 2952 τινα
909 2890 1024 2970 μέμψιν
1046 2893 1140 2979 stirpe.
1164 2931 1206 2940 -
1230 2897 1281 2956 Ba.
1307 2903 1366 2956 619

296 2992 388 3069 δόξαν
409 2994 491 3076 λέγω.
538 2998 587 3057 Or.
616 3000 694 3058 1387
720 2993 850 3068 αἴλινον,
873 2991 967 3076 ἀρχάν
990 2993 1136 3070 θανάνον,
1158 2995 1301 3079 λέγουσιν.
1326 3033 1369 3044 -

295 3103 350 3160 Ion
375 3101 435 3161 786
468 3091 560 3178 ἀκρον
593 3096 694 3169 έλακες
731 3093 810 3177 ἀχος.
863 3100 932 3160 Hel.
960 3105 1018 3161 185
1053 3093 1164 3178 ἀλαρον
1196 3098 1294 3180 έλεγον
1323 3097 1370 3162 ὅτι

294 3198 364 3262 κάτ’
384 3201 495 3263 έλακεν.
513 3237 555 3248 -
573 3204 649 3263 Rhe.
669 3209 706 3263 52
726 3195 870 3284 ἀγγέλλων
885 3196 994 3280 φόβον.
1023 3211 1062 3264 34
1078 3203 1209 3278 δείματα.
1244 3205 1289 3264 El.
1307 3209 1367 3264 419

295 3299 387 3385 πικροὶ
410 3297 474 3386 ἀγγ.
519 3305 559 3364 H.
576 3307 596 3364 f.
618 3309 696 3365 1128
722 3292 746 3364 ai
768 3296 839 3364 κάκ’
862 3299 1008 3385 ἀγγέλλων
1026 3300 1128 3386 πάτερ.
1152 3341 1194 3352 -
1217 3307 1287 3384 Snp.
1307 3314 1366 3367 548

295 3400 368 3467 δείν’
391 3400 558 3484 ἀπειλήσων
580 3404 647 3483 ένοη.
677 3441 721 3453 -
751 3408 841 3468 Phoe.
867 3412 947 3467 1181
981 3403 1099 3468 τοσόνδ’
1125 3402 1302 3484 έκόμκασεν.
1326 3445 1368 3456 -

296 3514 353 3571 Ion
376 3517 437 3570 986
469 3510 534 3570 τίνα
566 3504 655 3588 λόγον
687 3508 800 3581 Λοξίου
830 3515 1019 3589 κανηγομεῖς;
1054 3513 1106 3572 Or.
1130 3517 1169 3571 28
1196 3511 1312 3588 Φοίβου
1339 3505 1368 3573 δ’

297 3608 540 3690 &diuturniori
563 3611 820 3692 δεῖκατηγορεῐνς
854 3615 927 3674 Her.
952 3616 1022 3674 417.
1069 3615 1278 3689 Aoousativus,
1310 3635 1370 3676 non

295 3736 357 3776 ram
389 3721 570 3789 aoonsatam,
601 3717 652 3775 sed
674 3715 786 3775 orimen
817 3716 901 3776 ouius
934 3715 1001 3796 quis
1024 3722 1179 3777 aoonsatnr
1207 3718 1372 3791 eontinens,

296 3818 471 3879 immanenti
490 3818 606 3878 ratione
628 3820 665 3878 ad
688 3839 789 3898 κατηγ.
813 3820 986 3879 referendus
1009 3824 1062 3878 est.

382 3922 509 3980 Verba
538 3921 749 3994 clamandi,
779 3923 971 3982 cantandi.
1003 3942 1033 3982 v.
1058 3943 1088 3998 p.
1112 3921 1158 3982 17.
1203 3923 1271 3983 Tro.
1290 3929 1368 3983 1801

301 4132 380 4185 1435
426 4127 503 4186 Meu.
529 4129 588 4185 sor
624 4120 727 4205 ιιγυρλ
757 4119 785 4184 o’
816 4120 885 4203 ἅμα
916 4119 1026 4207 μογερὰ
1058 4126 1124 4211 μιᾷ.
1174 4129 1200 4188 Ι.
1223 4130 1261 4188 A,
1289 4135 1368 4188 1346

298 4223 387 4288 δεινά.
441 4229 514 4305 Hip.
540 4231 600 4288 874
633 4221 751 4287 traete.
805 4229 1005 4291 Transitiram
1036 4232 1096 4290 vim
1130 4232 1254 4291 verbnm
1282 4232 1372 4291 habet
