3222 4936
726 474 767 484 ἣ
812 438 853 504 (34

295 613 411 669 veteres
433 613 532 669 eutem
554 614 615 668 tam
631 609 842 671 inconcinnam
857 614 1022 672 orationem
1043 614 1245 690 atragocdiae
1268 614 1364 689 digni-

294 719 356 772 tate
379 712 506 772 alienam
521 712 622 772 fuisse.
666 713 736 791 Ipse
759 711 851 773 πέδον
873 736 911 774 ex
933 712 1012 775 ένοσι
1034 719 1164 794 pendero
1181 718 1362 795 suspicatur;

292 813 388 886 ένοσις
410 820 508 875 autem
523 817 723 876 revocandum
746 822 791 877 est
811 820 847 878 ad
871 821 993 880 verbum
1014 820 1179 881 obsoletum
1203 814 1278 880 ένάω
1301 819 1321 882 i.
1337 839 1362 879 e.

293 939 426 992 movere,
450 923 616 978 concutere.

378 1023 417 1081 H.
433 1022 453 1081 f.
473 1023 530 1081 167
549 1015 667 1097 οὔκουν,
691 1019 861 1101 τραφέντων
876 1023 975 1099 τῶνδε,
998 1018 1148 1104 τιμωροάς
1163 1016 1254 1100 έμοάς
1268 1015 1364 1106 χρῄζω

293 1121 432 1183 λιπέσθαι
465 1125 523 1182 τῶν
555 1120 744 1203 δεδραμένων
777 1124 870 1202 δίκην.
916 1127 1018 1186 Elmsl.
1049 1129 1086 1185 ad
1109 1129 1186 1188 Med.
1211 1133 1272 1186 256
1297 1146 1364 1186 con·

292 1228 407 1302 iungit:
432 1220 578 1305 τιμωρούς
596 1227 682 1304 διίιιγν
705 1229 763 1286 τῶν
780 1226 857 1307 δεδρ.
882 1231 912 1288 11.
930 1250 954 1289 ο.
973 1223 1042 1298 τούς
1066 1224 1115 1305 ἐμὲ
1134 1225 1307 1306 τισομένους
1323 1227 1365 1287 δί-

293 1352 358 1406 κην,
378 1349 452 1409 quee
469 1331 648 1390 constructio
664 1331 782 1389 defendi
799 1335 897 1408 potest
912 1333 1048 1406 analogia
1064 1333 1148 1393 verbi
1168 1326 1365 1390 άποτίνεσθαι

294 1435 367 1493 Her.
392 1438 461 1493 852.
513 1435 581 1493 Non
611 1434 715 1507 video,
754 1453 805 1494 our
835 1435 1082 1511 interpretatione
1114 1441 1174 1494 tem
1205 1434 1367 1494 artificiose

294 1557 367 1615 opus
391 1536 438 1610 sit,
464 1556 531 1596 cum
552 1537 645 1597 multo
667 1537 784 1597 facilius
805 1538 888 1598 loeus
910 1539 1093 1616 expediatur,
1117 1539 1142 1597 si
1165 1536 1252 1614 δίκην
1267 1557 1367 1600 accus.

295 1639 493 1718 appositionis
516 1639 551 1698 ad
574 1661 632 1714 τιμ.
656 1641 792 1702 refertur.

381 1745 550 1822 Antequam
572 1742 660 1803 huius
682 1743 787 1820 eapitis
804 1742 894 1801 finem
916 1743 1031 1816 faciam,
1054 1747 1148 1802 restat
1168 1749 1203 1802 nt
1225 1764 1260 1803 ca
1274 1744 1366 1804 verba

300 1867 367 1905 cum
388 1865 448 1905 acc.
472 1846 631 1906 coniuncta
652 1845 818 1924 respiciam,
842 1865 917 1926 quae
940 1867 955 1905 e
977 1847 1098 1924 proprio
1120 1867 1176 1906 usu
1199 1846 1365 1921 genitivum

289 1949 474 2009 desiderent.

377 2048 525 2130 'verba‚
567 2070 662 2131 queo
700 2050 952 2125 significant,
990 2052 1232 2131 participem
1268 2073 1365 2125 esse,

294 2155 407 2227 fieri,
446 2155 494 2234 (K.
519 2159 590 2214 294.
618 2154 648 2231 1)
686 2154 836 2214 interdum
868 2154 962 2233 ipsius
994 2155 1089 2231 partis
1118 2155 1367 2230 significationem

296 2260 466 2319 accusativo
500 2277 599 2317 secum
629 2258 751 2317 habent.
795 2258 846 2316 Ba.
871 2262 930 2316 295
948 2249 1062 2336 ’Ἀρεάς
1091 2277 1120 2317 τε
1142 2262 1250 2338 μοῖραν
1280 2277 1367 2334 μετα-

296 2355 394 2438 λαβών
425 2356 490 2436 έχει.
534 2360 605 2435 Sup.
632 2364 710 2418 1083
734 2355 884 2435 μετέλαχες
915 2352 1004 2435 τύχας
1035 2356 1132 2438 μέρος.
1155 2393 1196 2404 -
1218 2363 1288 2438 Ipsa
1310 2381 1366 2434 res,

301 2465 384 2524 cuius
408 2463 475 2544 quis
497 2463 646 2540 particeps
668 2463 711 2535 fit,
734 2481 794 2522 acc.
818 2468 916 2523 exstat
938 2463 1016 2540 apud
1031 2464 1155 2524 verbum
1178 2464 1366 2522 κοινοῦσθαι.

297 2569 353 2628 Ion
373 2551 438 2625 '620
469 2559 521 2634 τάς
552 2558 717 2641 συμφοράς.
770 2565 835 2625 Alc.
859 2571 919 2625 440
951 2562 1065 2635 πένθος
1101 2558 1242 2644 γυναικδς
1269 2563 1365 2642 τῆσδε.

297 2671 364 2730 Tro.
383 2673 419 2728 61
446 2660 560 2746 λόγους.
604 2666 649 2725 El.
669 2671 748 2725 1048
771 2667 815 2737 τίς
838 2660 873 2726 άν
895 2661 1006 2748 πατρὸς
1022 2669 1076 2726 σοῦ
1098 2661 1195 2741 φόνον
1211 2662 1366 2743 έιιοινάνη-

298 2769 330 2831 σέ
352 2793 419 2848 μοι,
456 2789 530 2850 quae
560 2769 644 2831 verbi
668 2770 849 2830 constructio
882 2773 957 2850 apud
991 2771 1082 2830 elium
1104 2771 1279 2850 scriptorem
1306 2791 1367 2831 non

297 2876 455 2954 reperitur.
478 2908 520 2919 -·
543 2872 735 2953 συναίρεσθαι
760 2893 783 2934 c.
806 2894 867 2935 acc.
897 2875 947 2935 Or.
972 2877 1031 2934 759
1056 2866 1160 2948 φόνον.
1205 2877 1281 2936 Rhe.
1304 2879 1365 2934 484

300 2971 382 3056 δόρυ.
409 3013 451 3022 -
473 2971 626 3057 θιγγάνειν
649 2997 673 3037 c.
696 2996 756 3038 acc.
788 2979 977 3038 coniunctum
1008 2997 1071 3038 esse
1094 2978 1255 3039 voluerunt
1284 2979 1323 3038 H.
1346 2979 1367 3038 f.

302 3073 482 3159 954me
514 3076 547 3139 δέ
576 3102 622 3138 νιν
646 3073 742 3159 θιγοέν
765 3081 905 3160 κραταιᾶς
927 3071 1012 3159 χερδς
1039 3076 1150 3139 ἐννέπει
1171 3073 1250 3139 τάδε.
1294 3081 1368 3141 Ver·

299 3187 370 3243 bum
385 3183 478 3257 igitur
500 3188 618 3242 etcum
640 3203 700 3244 acc.
725 3189 755 3244 et
777 3203 842 3243 cum
865 3204 931 3258 gen.
952 3189 1153 3244 constructum
1175 3188 1266 3254 essct3
1290 3183 1368 3262 quod

298 3287 363 3346 fieri
388 3308 449 3346 uon
472 3291 585 3362 potest,
620 3292 650 3346 at
671 3287 703 3346 in
726 3287 821 3361 figure
841 3286 907 3360 illo,
933 3306 1006 3366 quae
1029 3294 1152 3347 vocatur
1176 3287 1272 3362 σχῆμα
1294 3276 1368 3343 καθ’

299 3383 369 3448 ὅλον
392 3387 440 3447 καὶ
471 3385 546 3448 κατά
576 3385 665 3470 μέρος
686 3390 778 3450 altero
803 3409 920 3470 quoque
941 3390 1006 3450 loco
1029 3390 1214 3453 accusativus
1237 3389 1367 3448 scriben-

300 3494 354 3552 dus
386 3496 465 3566 erat,
504 3493 528 3552 si
562 3497 650 3571 poeta
687 3495 778 3553 verbe
811 3493 855 3553 ita
886 3492 1081 3568 intelligenda
1117 3513 1181 3554 essa
1213 3491 1365 3554 voluisset.

301 3597 419 3674 Optime
441 3602 540 3657 eutem
563 3596 644 3656 locus
668 3596 833 3675 expeditur,
856 3597 881 3655 si
903 3617 951 3654 νιν
973 3596 1009 3655 cd
1034 3591 1147 3654 ἐννέπει
1167 3597 1304 3656 refertur.
1323 3625 1366 3636 -

299 3693 451 3779 τυγχάνειν
479 3720 540 3760 non
571 3699 669 3758 minus
698 3700 872 3778 frequenter
902 3719 968 3759 cum
995 3718 1054 3759 occ.
1087 3717 1174 3779 quem
1206 3719 1271 3759 curn
1301 3717 1367 3771 gen.

301 3804 494 3877 construitur,
528 3805 564 3863 of.
588 3805 680 3863 Phoe.
706 3807 797 3875 1668,
828 3804 905 3863 Mod.
930 3803 1000 3876 754,
1024 3802 1086 3863 Alc.
1106 3803 1176 3875 697,
1200 3803 1271 3862 Her.
1297 3804 1367 3874 525,

301 3907 351 3969 Or.
370 3914 430 3967 680
448 3913 502 3967 cet.
526 3915 556 3967 et
577 3908 655 3984 apud
678 3899 830 3985 λαγχάνειν
851 3905 972 3984 plurimi
995 3907 1154 3984 scriptores
1169 3905 1369 3966 accusativum

300 4011 433 4085 genitivo
456 4011 636 4089 praeferunt.
662 4045 700 4053 -
723 4013 825 4088 κυρεῖν
846 4011 921 4070 Rhe.
947 4014 1004 4068 113
1027 4008 1193 4086 πολεμίους.
1229 4012 1289 4067 685
1312 4004 1368 4065 νίν.

301 4113 374 4173 Heo.
406 4115 475 4172 687.
505 4115 577 4174 Her.
611 4116 671 4172 374
704 4107 758 4188 οὐχ
793 4105 889 4182 οὕτως
918 4104 938 4170 ά
966 4110 1064 4183 δοκεῖς
1093 4103 1240 4191 κυρήσεις.
1294 4109 1368 4186 Hip.

302 4216 362 4278 740
386 4219 468 4277 codd.
499 4211 539 4275 ἵν’
573 4208 590 4277 δ
617 4212 806 4293 ποντομέδων
835 4210 956 4285 ναάταις
987 4207 1091 4276 οάιιέθ’
1121 4207 1192 4274 δδδν
1223 4208 1301 4290 νέμει
1322 4227 1368 4270 σε·
