3222 4936
723 514 934 579 ...78-

379 688 447 746 Hcl.
473 691 552 747 1125
579 687 663 747 codd.
686 681 814 756 πολλούς
846 683 877 744 δὲ
908 680 1077 766 πυρσεύσας
1108 678 1252 766 φλογερὸν
1282 681 1366 756 σέλας

293 783 373 866 άμφὶ
395 782 487 869 dccciv
510 782 647 865 Εύβοιαν
669 780 721 848 εἷλ’
747 781 881 866 Ἀχαιῶν,
914 810 989 869 quae
1011 793 1102 849 verba
1124 789 1167 849 ita
1188 789 1284 850 teneri
1305 810 1364 848 non

288 897 421 970 possunt
477 891 557 956 Quid
588 892 670 951 enimv
698 889 756 950 sibi
787 892 854 951 vult
883 891 959 950 illud
992 885 1086 971 ῥυτάν
1108 893 1129 953 i.
1152 913 1176 952 e.
1208 892 1364 966 fluctuans,

290 998 369 1075 quod
391 995 417 1054 si
440 997 475 1054 de
490 995 565 1054 Dcio
587 981 685 1054 insuia
700 997 844 1069 ageretur,
867 996 992 1054 fortasse
1008 998 1175 1076 quadraret,
1197 995 1247 1054 hic
1268 1002 1364 1054 autern

290 1100 327 1158 ad
349 1099 497 1157 Euboeam
521 1098 661 1158 refertum
691 1116 780 1156 sensu
809 1102 897 1157 caret.
943 1099 1154 1174 Coniungenda
1184 1111 1254 1158 eunt
1275 1101 1366 1161 verba

290 1222 356 1261 cum
379 1200 543 1261 Matthiaeo
565 1201 597 1258 in
621 1192 802 1278 άμφιρυτάν,
826 1205 943 1259 etcum
966 1195 1131 1277 πυρσεύειν,
1154 1202 1183 1261 h.
1203 1223 1229 1261 e.
1252 1201 1365 1260 facibus

292 1303 409 1379 signum
433 1306 515 1376 darc,
537 1303 628 1362 Suida
651 1307 726 1362 teste
749 1302 807 1362 dici
829 1303 924 1379 possit
946 1304 1066 1363 notione
1087 1304 1266 1377 illustrandi,
1289 1303 1366 1362 nihil

290 1409 396 1504 obstet,
420 1409 576 1485 quominus
591 1412 710 1482 praeter
725 1405 872 1465 obiectum
890 1397 967 1482 Εύβ.
992 1400 1097 1485 άμφιρ.
1120 1427 1178 1466 aco.
1201 1406 1365 1465 immanens

291 1512 375 1588 φλογ.
398 1505 455 1567 ott.
489 1508 648 1569 adiciatur:
683 1510 876 1568 erleuchtend
905 1511 956 1568 das
988 1530 1047 1568 von
1070 1510 1184 1585 Wogen
1208 1509 1364 1570 umflutete

291 1613 366 1672 Eub.
389 1612 445 1670 mit
466 1612 638 1671 loderndem
661 1611 882 1670 Fackelschein.

376 1716 455 1775 Med.
472 1719 532 1774 828
550 1716 633 1775 σοᾶδ.
658 1706 712 1772 τάν
730 1709 851 1793 Κύπριν
872 1707 1027 1798 κλῄζουσιν
1049 1708 1147 1794 χάραν
1164 1718 1364 1777 καταπνεύσαι

290 1815 407 1896 μετρίας
429 1812 548 1894 άνέμοιν
570 1809 741 1894 ἡδυπνύους
764 1808 868 1895 αύρας.
917 1811 1037 1896 Χύραν,
1061 1817 1212 1893 genitivus
1231 1819 1303 1879 iicet
1325 1819 1365 1878 sit

290 1920 442 1994 usitatior,
474 1920 594 1980 defendi
617 1925 723 1996 potest.
755 1941 781 1978 υ.
805 1939 834 1996 p.
859 1919 910 1978 67.
953 1919 1062 1978 Sensus
1091 1921 1184 1996 igitur
1213 1926 1273 1981 est:
1304 1922 1365 1981 Das

291 2024 374 2083 Laud
410 2023 465 2083 mit
492 2023 638 2096 mildem,
676 2023 916 2082 siisswehendem
952 2023 1174 2083 Windeshauch
1211 2026 1363 2085 anwehen.

290 2127 387 2185 Metra
408 2132 506 2185 autem
522 2126 660 2201 strophae
683 2131 713 2183 et
734 2124 937 2201 antistrophae
959 2125 1039 2184 inter
1060 2145 1091 2184 se
1115 2145 1174 2185 non
1198 2133 1365 2202 congruunt

292 2229 441 2307 multaque
463 2230 499 2287 ad
521 2230 597 2287 hanc
614 2227 819 2287 difficultatem
834 2228 995 2287 tollendam
1015 2232 1128 2287 tentata
1150 2234 1226 2288 sunt.
1270 2231 1363 2290 Recte

290 2330 441 2390 Nauckius
471 2332 627 2391 observare
658 2329 733 2388 mihi
764 2330 898 2406 videtur,
935 2330 968 2389 in
997 2331 1119 2406 stropha
1146 2334 1238 2392 verba
1268 2325 1365 2411 χώρας

293 2425 534 2513 άποφερβύμενοι
569 2431 678 2506 σοφίαν
707 2431 810 2510 inepta
841 2438 871 2494 et
903 2433 1149 2510 comparationem
1183 2435 1265 2495 illam
1299 2456 1365 2496 cum

292 2540 368 2598 bove
399 2539 505 2595 herbas
535 2540 674 2613 pascente
709 2535 941 2595 Atheniensibus
970 2535 1125 2612 indignam
1155 2557 1235 2611 esse,
1266 2542 1301 2597 ut
1330 2537 1363 2596 in

292 2640 420 2700 lectione
449 2640 579 2698 sananda
610 2641 646 2698 ab
676 2639 723 2698 his
753 2638 852 2698 uerbis
884 2639 1144 2714 proficiscendum¹
1161 2639 1209 2700 sit.
1231 2674 1273 2685 —
1295 2642 1363 2700 Non

292 2742 406 2802 minore
428 2741 594 2817 corruptela
615 2741 730 2801 laborat
752 2742 820 2818 ch.
841 2746 902 2799 324
926 2732 1051 2820 θήρειον
1074 2734 1164 2812 δάκος
1187 2736 1364 2820 δαινύμενος

295 2841 325 2904 ἐν
347 2840 477 2924 στέγοντι
499 2835 611 2924 γαστέρ’
633 2834 749 2902 ύπτίον.
795 2845 857 2902 Neo
880 2843 952 2922 quid
983 2843 1040 2902 sibi
1063 2844 1137 2904 velit
1157 2841 1188 2904 έν
1211 2841 1285 2925 στέγ.
1309 2865 1364 2905 nec

295 2968 354 3029 quo
377 2943 500 3027 γαστέρα
516 2947 704 3006 referendum
727 2946 766 3006 sit
783 2951 914 3024 apparet.
959 2947 1064 3006 Sensui
1087 2947 1230 3008 satisfacit
1246 2947 1364 3008 Reiskii

294 3051 462 3112 coniectura
484 3035 518 3109 τά
539 3044 657 3128 τέγγων,
681 3069 769 3128 quam
790 3051 979 3109 Hermannus
1001 3051 1128 3124 refellit,
1151 3052 1221 3130 quia
1243 3056 1364 3130 propter

295 3138 444 3212 έπειιπιάν
465 3153 623 3213 dicendum
644 3152 735 3212 fuerit
755 3147 865 3231 τέγξας.
910 3154 979 3228 Ιρεο
1001 3154 1135 3212 lacunam
1157 3155 1271 3214 statuit.

379 3255 592 3316 Passivum.
636 3259 691 3316 Ion
714 3254 793 3314 1270
816 3257 956 3333 πετραῖον
977 3249 1056 3332 άλμα
1078 3249 1298 3332 δισκηθήσεται.
1322 3290 1364 3300 -

295 3357 363 3418 Hel.
387 3361 447 3416 410
471 3360 544 3427 ναῦς
573 3352 700 3428 πολλούς
723 3350 873 3437 άριθμούς
904 3348 1026 3436 άγνυται
1055 3358 1212 3437 ναυαγίων.
1236 3393 1278 3402 -
1302 3358 1362 3417 778

295 3455 378 3520 άλιον
400 3456 545 3538 ἐφθείρου
567 3453 688 3520 πλάνον.
713 3495 748 3503 -
773 3461 797 3518 I.
816 3459 850 3518 Τ.
867 3463 928 3518 428
952 3449 1028 3535 άμφί
1045 3459 1128 3543 χαίτρι
1149 3452 1257 3539 δρόσον
1280 3457 1364 3535 αἱμα·

296 3555 389 3642 τηράν
406 3558 573 3638 εἱλιχθεῖσα.
596 3596 639 3607 -
660 3564 735 3622 Rhe.
754 3563 812 3623 527
837 3561 880 3633 τίς
903 3556 1054 3640 ἐκηρύχθη
1071 3556 1192 3641 προύτην
1211 3556 1364 3639 φυλακήνς

295 3700 338 3712 -
359 3665 404 3724 Er
430 3667 488 3725 573
513 3658 602 3742 οὐλὴ,
625 3659 662 3740 ἣν
682 3656 813 3749 ᾑμάχθη.

381 3769 505 3828 Verba
541 3770 654 3842 bene,
701 3768 1022 3842 male-faciendi,
1062 3768 1231 3828 dicendi.
1282 3766 1364 3847 δρᾶν.

295 3871 364 3948 Sup.
379 3876 418 3931 40
435 3865 519 3930 ύσιύυ
533 3893 560 3930 τι
576 3863 675 3938 θεούς.
711 3874 789 3930 1185
815 3863 906 3930 ἐσθλά
920 3862 1052 3950 Ἀργείαν
1074 3867 1179 3948 χθόνα.
1211 3872 1237 3932 Ι.
1254 3877 1289 3932 Δ.
1303 3877 1364 3930 366

296 3967 469 4052 βαρβάρους
485 3967 592 4033 aeduos·
608 3996 642 4031 τι.
668 3979 727 4032 895
744 3965 841 4049 άνομα
857 3967 913 4032 κού
932 3971 1031 4033 δίκαια
1046 3973 1165 4044 παῖδας.
1211 3975 1286 4034 Rhe.
1304 3979 1363 4032 580

297 4071 389 4154 μηδὲν
404 4076 564 4151 πολεμίους
578 4070 727 4154 υεούτερον.
766 4077 833 4154 ch.
852 4082 911 4136 655
936 4071 966 4135 σὲ
986 4070 1111 4153 μάταιόν
1123 4099 1159 4137 τι.
1195 4077 1263 4136 Hel.
1283 4080 1363 4135 1084
1389 4085 1391 4088 ’

295 4179 457 4256 πλημμελές
480 4179 507 4238 τί
528 4195 567 4238 σε.
615 4181 690 4238 And.
716 4180 775 4238 817
800 4177 874 4256 δῆλα
896 4176 947 4238 καί
971 4174 1133 4258 άμφιφυνῆ
1155 4176 1205 4240 καί
1227 4171 1365 4257 άιιρυπτα

296 4277 457 4346 πόσιν.”-
481 4285 534 4341 Ion
559 4287 618 4340 383
651 4275 703 4339 τδν
725 4275 936 4359 θεμιστεύοντα
966 4278 1051 4360 πῆμά
1073 4305 1108 4342 τι.
1153 4281 1365 4342 Observaveris
