3222 4936
648 455 857 520 ...49-..

220 630 314 703 verbi,
338 630 457 689 omnino
474 631 511 688 ab
534 629 677 706 Euripide
700 629 799 700 alieni,
822 630 904 688 notio
928 651 988 690 non
1011 629 1116 690 melius
1131 631 1202 690 huic
1223 631 1288 690 loco

219 732 368 792 convenit.
411 734 541 792 Verbum
574 738 672 792 autem
703 733 776 791 illud
808 732 972 791 offensione
1001 751 1108 793 vacare
1130 733 1215 793 docet
1237 735 1286 791 Ba.

119 886 122 894 .
221 839 301 894 1180
325 825 485 912 όΒοίκχιος
506 831 667 914 κυναγέτας
689 827 832 910 α’νέπηίευ
849 831 897 894 ἐπὶ
913 837 995 914 θῆρα
1019 829 1102 894 τόνδε
1118 828 1288 904 Μαινάδας.

218 939 351 998 -1.A.
370 944 430 996 808
449 931 544 1008 δεινός
560 929 724 1013 ἐμπέπτωκ’
742 934 816 1015 ἔρως
831 937 918 1012 τῆσδε
932 937 1083 1017 στρατείας
1096 929 1207 996 Ἑλλάδ’
1233 931 1290 996 οὐκ

218 1032 288 1098 deso
303 1042 393 1100 θεῶν.
431 1042 479 1099 Ita
501 1060 567 1100 cum
589 1040 739 1116 Scaligero
762 1041 950 1101 scribendum
972 1062 1036 1101 csse
1058 1041 1185 1102 ridetur.
1230 1043 1285 1101 co-

219 1145 316 1203 dicum
345 1145 522 1221 scripturam
551 1135 667 1202 ‘assota
698 1137 724 1222 γ’
752 1150 928 1222 anapaestus
957 1145 989 1203 in
1020 1150 1156 1224 quartam
1178 1144 1288 1203 senarii

218 1248 317 1306 sedem
343 1247 480 1307 invectus
509 1246 647 1308 vitiosam
678 1267 741 1306 esse
772 1247 911 1306 ostendit.
957 1246 1043 1312 Quod
1072 1252 1141 1306 sunt
1164 1248 1215 1326 qui
1239 1244 1287 1322 ἒμ-

219 1351 336 1408 πίπτειν
367 1371 390 1410 ο.
414 1370 475 1410 acc.
504 1350 636 1409 construi
666 1370 753 1428 posse
785 1350 970 1424 negaverint,
994 1385 1035 1394 -
1058 1372 1069 1408 ι
1092 1351 1233 1409 omissum
1255 1350 1288 1408 in

215 1444 331 1510 Ἑλλάδ’
362 1457 465 1514 contra
486 1453 667 1527 tragicorum¹
689 1474 775 1512 usum
796 1455 916 1526 faceret,
939 1487 980 1496 -
1002 1452 1091 1511 nihili
1114 1458 1167 1512 est.
1211 1454 1289 1512 Nam

218 1564 252 1617 ut
275 1557 393 1633 saepius
416 1553 447 1616 ίν
470 1557 594 1630 dicitur,
626 1557 677 1615 ubi
701 1577 755 1615 nos
778 1553 819 1625 εἰς
842 1557 1041 1616 desideramus
1084 1557 1136 1635 (H.
1159 1557 1179 1618 f.
1207 1557 1287 1614 1078

219 1657 249 1720 ἐν
273 1653 402 1718 κλύδωνι
424 1659 548 1719 πίπτειν.
572 1659 640 1737 Sup.
664 1657 747 1735 835),
771 1663 801 1718 et
822 1661 914 1720 verba
937 1679 960 1718 c.
986 1656 1015 1718 ἒν
1038 1678 1131 1737 comp.
1155 1678 1220 1718 cum
1247 1655 1288 1728 είς

217 1767 430 1823 construuntur
451 1763 537 1840 (Her.
562 1766 621 1822 168
645 1758 686 1831 είς
716 1755 822 1840 ίίντρον
853 1756 995 1838 assesso,
1026 1767 1066 1821 ut
1091 1767 1288 1822 commutatae

221 1886 283 1925 esse
297 1865 535 1943 praepositiones
550 1865 717 1938 videantur,
740 1865 783 1924 itu
804 1865 869 1924 loco
893 1865 944 1924 illo
966 1865 1057 1924 talem
1080 1885 1198 1945 quoque
1220 1886 1288 1943 per·

220 1969 411 2027 mutationem
446 1969 608 2027 statuerim.
653 1973 752 2049 Atque
785 1968 945 2046 Sophocles
969 1970 1003 2028 O.
1026 1970 1058 2028 0.
1082 1974 1142 2027 942
1174 1962 1287 2037 αὖτοιίς

222 2062 259 2126 νίν
290 2066 408 2145 ίμπίσοι
440 2072 690 2130 constructionem
719 2071 802 2130 illam
831 2072 944 2146 firmat,
977 2091 1033 2131 nec
1067 2093 1127 2131 non
1158 2073 1288 2132 conferri

218 2178 317 2250 potest
338 2175 391 2232 Ion
416 2178 475 2232 311
509 2167 619 2250 σηκοός
642 2168 671 2230 δ’
704 2169 854 2252 ἒνστρίφει
882 2174 1069 2253 Τροφωνίου.
1092 2176 1289 2236 —Verbum

220 2273 371 2351 ἐμπίπτειν
385 2279 564 2337 Kuehnerus
586 2277 775 2337 transitivum
798 2279 897 2351 habet,
921 2278 1008 2356 quod,
1032 2278 1057 2336 si
1079 2279 1164 2339 verbi
1187 2274 1288 2354 ἐμβαί-

219 2399 277 2437 νειν
304 2380 472 2455 analogiam
494 2379 661 2460 sequimur,
691 2381 890 2441 neoesssrium
919 2401 980 2439 non
1012 2388 1065 2440 est.
1089 2383 1133 2441 cf.
1157 2381 1201 2440 El.
1226 2386 1286 2440 433

220 2485 295 2555 νᾶες,
320 2481 354 2541 αἵ
375 2503 431 2542 ποτ
453 2480 558 2559 ἕμβατε
585 2482 701 2561 Τροίαν.
734 2485 802 2561 ch.
821 2489 859 2541 90
882 2475 970 2559 τόνδε
992 2478 1096 2562 στέγην
1118 2481 1287 2560 ἔμβεβοῑτες.

217 2587 288 2646 Ηστ.
319 2591 378 2645 845
411 2582 538 2646 ίκίτευσί
575 2607 620 2644 νιν
650 2583 774 2662 ἒμβῆσαι
806 2584 923 2664 δίφρον.
957 2619 999 2630 -
1029 2588 1096 2646 Ηοο
1124 2588 1287 2647 accusativi

217 2702 272 2748 ¹usu
304 2690 410 2749 nititur
448 2683 568 2766 πάρειμι
599 2709 623 2748 c.
647 2709 705 2748 acc.
740 2690 789 2749 Ba.
814 2695 830 2747 5
865 2709 896 2749 π.
926 2687 1040 2767 Δίρκης
1069 2683 1194 2766 νόμαια.
1238 2691 1284 2750 ΕΙ.

220 2792 300 2852 1275
325 2789 483 2850 Ναυπλίαν
505 2785 618 2870 παρόν.

302 2896 428 2956 Verba
460 2895 618 2953 sedendi
650 2901 685 2954 et
707 2894 945 2955 considendi
969 2915 1035 2956 cum
1058 2915 1118 2955 acc.
1142 2895 1205 2955 eius
1227 2896 1286 2956 loci

219 2997 453 3074 coniunguntur,
492 3017 549 3076 quo
579 2998 731 3057 sedeamus
770 2998 832 3060 sire
865 3019 923 3078 quo
955 3000 1149 3058 considamus.
1202 2997 1285 3063 Quae

219 3101 399 3161 constructio
422 3105 564 3159 anostra
594 3100 747 3179 latinaque
775 3101 878 3175 lingua
906 3101 1003 3174 aliena
1032 3101 1063 3160 in
1094 3101 1159 3179 ipsa
1181 3121 1287 3176 graeca

216 3204 390 3283 infrequens
429 3209 459 3262 et
490 3202 599 3280 poetici
630 3204 775 3262 sermonis
812 3209 873 3277 est,
909 3224 975 3264 cum
1006 3204 1097 3263 ceteri
1126 3203 1286 3281 scriptores

216 3309 308 3368 rerba
341 3327 406 3366 cum
436 3325 537 3383 praep.
568 3310 738 3365 construere
768 3307 891 3366 soleant.
914 3341 956 3349 —
978 3308 1028 3366 Ba.
1057 3306 1134 3367 1087
1159 3299 1287 3385 ποιηρόν

216 3407 316 3485 ἵζομεν
343 3401 446 3477 νόπος,
489 3408 546 3468 Ion
572 3408 648 3467 1817
679 3402 790 3484 βωμόν.
834 3411 909 3470 Rhe.
934 3414 991 3468 501
1017 3403 1167 3479 κλωπικιίς
1188 3406 1284 3489 ἕδρας.

217 3515 240 3572 Ι.
263 3516 300 3572 Δ.
326 3516 384 3572 140
417 3509 482 3583 ἵζου
505 3506 645 3580 ἀλσώδεις
673 3506 789 3588 κρήνας.
813 3545 855 3556 -
878 3515 916 3572 Η.
939 3514 960 3572 f.
983 3519 1023 3573 48
1046 3505 1150 3590 βωμόν
1172 3512 1284 3584 καθίζω

217 3610 308 3676 τόνδε.
353 3616 399 3675 El.
422 3622 493 3690 983,
522 3617 571 3676 Or.
601 3619 673 3689 956,
705 3619 759 3675 Ion
784 3622 811 3690 6,
842 3616 912 3690 378,
949 3621 1038 3676 1820.
1061 3652 1103 3660 -
1124 3616 1191 3676 Hel.
1224 3621 1284 3674 894
1388 3643 1389 3650 ¹

217 3719 409 3797 προσκαθίζω
432 3720 530 3779 θᾶκον
552 3713 610 3778 οὖν
632 3712 803 3796 εὐδαίμονα.
844 3720 923 3779 1107
948 3723 1072 3796 μουσεῖα
1094 3715 1144 3778 καί
1168 3711 1285 3788 θοίκους

218 3819 358 3894 tetravus.
394 3823 468 3883 Ηοο.
486 3828 544 3882 985
570 3815 677 3897 σεμνόν
692 3815 862 3900 προσίζουσ’
881 3813 1028 3900 ’Ἄρτεμιν
1052 3855 1093 3866 -
1115 3821 1283 3886 ΗοΙ.1575

216 3925 332 4002 τοίχους
361 3917 476 3996 δεξιοός
506 3922 614 3997 ἕζοντο.
661 3930 741 3984 1492
773 3918 920 4004 Εὐροίταν
944 3919 1122 4001 ἐφεζόμεναι.
1145 3957 1189 3968 -
1209 3925 1283 3984 Rhe.

218 4034 276 4088 585
308 4022 471 4104 Σιμόεντος
499 4019 594 4104 ἡμένα
622 4027 722 4096 κοίτας
752 4028 878 4100 φοινίας.
903 4063 941 4072 -—
964 4028 1038 4088 Her.
1062 4032 1100 4086 55
1124 4028 1283 4102 καθῆσθαι

216 4123 298 4206 τήνδ’
321 4126 417 4210 ἕδραν.
463 4136 524 4190 394
546 4128 668 4188 λεπαίαν
702 4123 829 4208 όφρόην.
874 4132 948 4190 Rhe.
974 4135 990 4189 5
1013 4122 1194 4209 τετρόμορον
1214 4150 1284 4187 νυκ-

217 4225 268 4305 τός
300 4227 437 4312 φυλακην
470 4226 566 4310 πόσης
589 4233 725 4311 στρατιᾶς
747 4227 963 4311 προκάθηνται.
986 4268 1028 4277 -
1049 4234 1128 4296 And.
1152 4232 1210 4293 117
1234 4224 1285 4292 δοί-

1061 4341 1079 4396 4
