3222 4936
701 479 915 544 ‚28-

272 650 388 713 verbali
409 652 535 712 formato
559 651 734 714 attributiue
755 650 908 730 appositis.
952 650 1063 711 Eieotis
1086 654 1183 711 autem
1206 648 1346 710 accusati·
1430 711 1434 718 ,

272 755 319 816 vis
341 755 539 830 genitivorum
560 755 624 815 loco
646 755 830 815 accusativus
852 756 1005 833 ponendus
1027 759 1099 815 erut.

361 863 460 938 Atque
482 859 610 937 primum
631 861 689 918 huo
711 862 847 935 spectent
868 859 978 918 multae
1000 858 1069 918 illae
1092 857 1246 930 dictiones,
1270 877 1344 936 quae

272 961 373 1023 verbis
404 964 441 1021 ad
470 961 614 1022 sacrificia
635 962 767 1043 aliasque
798 960 989 1022 caerimonias
1011 960 1229 1039 pertinentibus
1251 961 1345 1020 factae

273 1069 359 1124 sunt:
380 1064 421 1124 H.
439 1065 460 1124 f.
482 1069 558 1124 1011
584 1058 684 1125 τάλανι
707 1057 796 1148 κόρω·
810 1059 950 1144 Πρόκνης
973 1058 1070 1138 φόνον
1091 1060 1147 1142 ἔχω
1168 1058 1247 1134 λέξαι
1269 1055 1345 1120 θνύ·

273 1186 363 1242 μενον
393 1159 541 1236 Μούσαις.
585 1169 765 1228 Matthiacus
796 1168 933 1227 adnotat:
966 1165 1090 1244 Proprie
1119 1165 1184 1242 ipse
1214 1166 1345 1225 Procnae

273 1269 355 1330 filius
378 1261 493 1330 έθύετο.
538 1271 596 1330 Pro
616 1290 650 1330 eo
672 1263 768 1344 φόνος
789 1264 922 1329 θύεσθαι
944 1269 1051 1330 dicitur
1073 1273 1104 1329 et
1125 1289 1190 1328 cum
1204 1269 1277 1328 haec
1291 1267 1345 1326 im-

273 1371 394 1432 molatio
431 1378 535 1451 postea
570 1373 750 1433 carminibus
789 1374 989 1433 celebraretur
1026 1365 1159 1431 θύεσθαι
1195 1362 1344 1440 Μούσαις.

273 1475 452 1535 Revocanda
474 1482 519 1536 ost
533 1476 658 1536 formula
680 1477 718 1536 od
739 1467 836 1551 φόνου
859 1476 908 1536 vcl
930 1468 1057 1551 φονικὸν
1078 1476 1165 1551 θύμα
1187 1466 1273 1532 θύειν
1295 1473 1345 1533 cin

273 1578 447 1656 Mordopfer
469 1579 583 1656 opfern.
626 1584 687 1637 226
711 1577 738 1638 τέ
761 1572 829 1637 θύω
851 1571 1020 1659 καθάρσιον
1043 1579 1120 1656 urcio,⁸
1155 1580 1178 1636 I.
1203 1576 1237 1637 Τ.
1263 1580 1344 1636 1299

273 1670 446 1759 οἲιτύῤῥητον
469 1673 566 1760 φλόγα
592 1673 712 1741 θύουσα
733 1678 783 1740 aul
806 1675 967 1757 καθαρμόν
991 1682 1040 1740 ein
1061 1681 1171 1740 Fener·
1192 1680 1253 1739 und
1275 1677 1346 1737 Rei-

277 1782 492 1862 nigungsopfer
523 1785 636 1864 opfern.
687 1785 746 1844 Jon
769 1785 828 1844 665
861 1776 990 1863 γενέθλι’
1020 1776 1076 1843 ούιι
1107 1776 1258 1861 ἐθύσαμεν
1289 1781 1346 1841 Ge·

275 1887 445 1964 burtsopfer
467 1888 579 1965 opfern.
627 1891 686 1947 016
709 1878 819 1957 occido
841 1879 1006 1967 προθύσων
1029 1882 1110 1958 ξένια
1131 1882 1182 1946 καὶ
1196 1880 1342 1966 γενέθλια.

274 1989 319 2048 ΕΙ.
345 1995 424 2050 1132
447 1983 556 2060 ταιθύς
578 1983 711 2070 οἰοιθμὸν
734 1981 775 2060 οές
796 1986 972 2069 τελέσφορον
993 1982 1089 2050 θύσω.
1134 1990 1201 2050 Non
1222 1990 1260 2048 de
1282 1991 1346 2049 tau·

274 2111 373 2153 rorum
387 2096 439 2153 aut
458 2093 534 2152 elius
549 2094 671 2171 pecudis
686 2113 807 2154 numero
822 2093 1010 2169 cogitandum
1032 2098 1085 2168 est,
1108 2094 1160 2153 sed
1182 2094 1218 2153 de
1233 2093 1346 2166 diebus,

275 2215 400 2275 quorum
421 2197 533 2257 decimo
548 2217 602 2275 pro
623 2196 739 2258 infante
761 2201 830 2258 nato
854 2197 911 2257 diis
933 2197 1108 2258 sacrificium
1128 2197 1347 2258 instituebatur.

275 2299 319 2362 uf.
340 2319 369 2362 v.
397 2303 486 2360 1125.

358 2402 430 2480 Sup.
447 2403 506 2463 376
530 2389 590 2482 ἆρα
612 2396 695 2479 φίλιύ
718 2424 769 2481 μοι
791 2407 886 2481 τεμεῖς
909 2404 978 2468 Hel.
999 2409 1076 2464 1236
1102 2396 1233 2472 σιτονδᾶς
1255 2402 1346 2478 repsi·

274 2523 335 2583 μεν.
380 2505 515 2565 conferri
544 2509 669 2584 possunt
697 2526 763 2566 cum
785 2506 914 2567 Homeri
944 2501 1163 2583 111οφιλόιητα
1184 2500 1236 2565 καὶ
1258 2497 1346 2584 ὅρκια

273 2602 397 2686 τέμνειν,
422 2628 498 2689 quae
520 2609 669 2670 sententia
690 2615 725 2669 ut
746 2608 940 2686 intelligatur,
964 2611 1144 2669 adverbum
1166 2613 1256 2668 trans
1279 2603 1345 2685 τέμ-

274 2729 336 2770 νειν
356 2711 494 2789 supplerc
522 2730 640 2771 necesse
671 2717 718 2772 est
747 2711 893 2772 obiectum
917 2704 981 2792 λερύ
1011 2713 1064 2773 sol.
1087 2711 1235 2785 victimas,
1269 2729 1345 2790 quae

275 2816 312 2873 ad
334 2815 436 2874 foedus
456 2815 507 2873 vel
529 2813 688 2874 amicitiam
705 2814 903 2874 confirmanda
925 2814 983 2874 diis
1004 2814 1216 2874 mactabantur.
1237 2847 1279 2858 -
1300 2812 1346 2872 Si·

274 2915 387 2976 militer
409 2915 521 2976 (lictum
544 2920 590 2976 ost
610 2917 689 2977 Med.
715 2920 794 2976 1129
825 2903 864 2992 ἦν
885 2908 977 2986 πολύς
1008 2909 1096 2997 λόγος
1124 2911 1156 2976 σέ
1185 2912 1236 2976 καὶ
1258 2906 1347 2974 πόσιν

275 3010 330 3078 σύν
345 3022 442 3090 νεῖκος
457 3016 611 3079 ἐσιτεῑσθαι
633 3012 666 3079 τύ
690 3018 770 3101 πρίν,
793 3019 845 3079 nbi
863 3020 1000 3098 suppleas
1020 3010 1103 3080 οἶνον
1123 3019 1143 3080 i.
1161 3039 1187 3081 e.
1203 3019 1345 3080 libatione

274 3122 349 3184 irem
371 3143 555 3202 componere.

359 3227 451 3287 Plane
472 3226 604 3288 insolens
626 3231 657 3288 et
677 3227 821 3287 mirabilis
837 3227 928 3288 dictio
950 3226 1058 3302 legitur
1080 3226 1152 3286 Her.
1171 3226 1231 3286 758
1255 3220 1347 3302 μέλλω

273 3328 413 3390 κένόννον
441 3331 534 3412 πολιῷ
558 3333 656 3406 τεμεῖν
684 3323 805 3412 σιδάρῳ.
828 3331 1019 3391 Marklandus
1039 3329 1253 3408 interpretatus
1284 3331 1346 3387 est:

274 3433 405 3493 Secundo
444 3435 541 3494 facere
570 3432 715 3511 proelium
745 3432 821 3510 (sive
852 3432 1029 3511 periculum)
1060 3434 1139 3493 ferro
1169 3433 1189 3492 i.
1211 3454 1236 3493 e.
1267 3450 1345 3502 ense,

276 3556 334 3617 quo
357 3537 520 3597 caeduntur
541 3537 650 3607 hostes,
672 3535 703 3594 in
726 3535 839 3612 proelio
862 3535 1082 3613 periclitaturus
1105 3557 1179 3596 sum.

286 3668 289 3675 ·
360 3639 429 3699 Alia
451 3640 551 3711 verba,
574 3657 649 3717 quae
671 3637 728 3696 huo
750 3642 894 3714 spectent,
918 3645 988 3698 sunt
1009 3638 1048 3698 H.
1072 3639 1092 3697 f.
1110 3643 1167 3698 641
1194 3633 1274 3718 ἑστιᾷ
1296 3629 1346 3715 μα’-

276 3763 351 3819 μονς
374 3743 461 3802 cinen
483 3740 781 3801 Hoohneitsschmaus
803 3741 906 3816 geben.
949 3742 975 3801 Ι.
996 3744 1034 3801 A.
1059 3746 1117 3801 126
1146 3733 1255 3810 ιταιὸὁς
1286 3737 1347 3798 ὅσι’-

154 3831 157 3837 ’
277 3861 366 3922 σομεν
398 3837 575 3921 ύμεναλονς,
608 3842 667 3903 705
700 3847 730 3902 ε1
752 3843 812 3902 719
844 3839 965 3903 έὸαισαν
996 3836 1118 3923 γύμονς.
1172 3843 1241 3903 Hel.
1267 3846 1346 3901 1440

276 3946 436 4017 συνδαίσας
458 3941 587 4027 γάμους,
618 3966 693 4026 quac
714 3945 814 4006 omnic
835 3945 913 4006 idem
935 3947 993 4008 sibi
1013 3947 1133 4020 volunt,
1155 3947 1207 4006 scl.
1228 3944 1348 4023 nuptias

275 4051 371 4129 epulis
400 4051 557 4111 celebrare.

361 4154 469 4216 Verbis
498 4150 639 4214 vincendi
677 4157 708 4212 et
741 4152 895 4230 pugnandi
928 4173 1148 4233 nonnumquam
1188 4151 1257 4212 talis
1288 4171 1346 4211 acc.

276 4257 457 4333 adiungitur.
515 4254 588 4332 Hip.
623 4257 702 4313 1013
738 4247 856 4336 ἀγῶνας
892 4258 1010 4336 κρατεῖν
1049 4255 1137 4316 einen
1173 4253 1347 4331 Kampfsicg
